2597 3316
1200 272 1226 314 9

202 402 402 446 tamquam
431 396 680 447 pervulgatas
708 407 822 436 suum
849 396 890 436 in
918 406 1031 436 usum
1058 399 1260 436 convertat
1286 407 1498 446 earumque
1526 395 1717 436 ambitum
1744 408 1853 437 more
1889 408 1961 438 suo
1993 397 2216 438 accuratius

201 470 319 509 quam
347 458 388 498 in
416 458 572 509 vulgari
599 470 779 499 sermone
805 459 953 499 factum
981 469 1068 499 esse
1095 462 1399 499 consentaneum
1426 463 1500 508 est,
1520 459 1718 500 describat
1745 460 1809 507 (cf.
1827 460 1980 509 Bonitz,
1998 460 2215 501 comment.

197 523 238 561 in
266 523 437 573 Metaph.
464 534 501 572 p.
526 521 580 560 90
607 525 649 561 et
676 522 1012 572 Trendelenburg,
1037 521 1215 562 Platonis
1243 522 1292 562 de
1320 521 1419 562 ideis
1445 526 1486 562 et
1521 524 1696 563 numeris
1738 524 1860 564 doctr.
1887 535 1924 573 p.
1951 522 2032 572 33).
2073 523 2215 563 deinde

198 597 291 625 vero
319 584 436 625 etiam
464 596 542 625 non
569 588 642 632 est,
670 585 775 634 quod
803 584 966 634 dubites,
994 585 1089 635 quin
1131 584 1173 625 O.
1200 584 1262 626 Fr.
1287 585 1536 626 Hermannus
1577 586 1813 635 optimorum
1855 586 2032 627 codicum
2066 585 2215 627 uam}

202 652 243 687 et
260 659 284 687 a
303 648 430 697 prima
448 659 569 687 manu
588 651 663 685 ΣΥ
677 648 903 688 auctoritati
922 648 1129 688 obsecutus
1156 648 1197 687 in
1216 652 1350 687 nostro
1378 648 1533 698 dialogo
1560 659 1598 697 p.
1622 647 1701 686 397
1720 650 1753 688 Β
1772 660 1842 698 pro
1861 660 1920 698 eo,
1942 650 2047 699 quod
2064 650 2215 699 priores

199 710 390 751 editiones
418 709 618 751 habebant
644 708 758 749 πολλὰ
784 709 846 760 μὲν
872 709 937 762 γὰρ
977 706 1093 751 αὐτῶν
1133 711 1324 761 (loquitur
1363 711 1414 751 de
1453 711 1615 751 heroum
1656 715 1698 751 et
1737 712 1935 752 hominum
1977 712 2214 760 nominibus)

198 778 305 810 κεῖται
332 771 422 810 κατὰ
449 773 624 822 προγόνων
651 774 846 821 ἐπωννμὰιις
872 777 980 814 recte
1007 774 1227 814 restituerit
1252 771 1342 811 κατὰ
1370 773 1545 822 προγόνων
1573 774 1780 822 ὁμωνυμίας.

321 962 541 1012 Apollinem
560 973 649 1003 cum
668 962 841 1003 omnium
860 966 901 1003 et
918 963 1175 1003 humanarum
1194 966 1235 1002 et
1252 963 1470 1004 divinarum
1489 974 1621 1004 rerum
1648 963 1876 1004 concordem
1900 963 2045 1005 efficiat
2063 967 2104 1004 et
2122 974 2213 1004 con-

198 1029 405 1074 gruentem
432 1028 675 1074 concentum,
703 1036 846 1064 nomen
874 1037 989 1065 suum
1016 1025 1065 1065 ab
1093 1026 1275 1073 ὁμοπολῶν
1301 1026 1508 1075 participio
1535 1026 1693 1065 trahere
1719 1026 1976 1075 philosophus
2004 1038 2041 1076 p.
2068 1025 2147 1064 405
2176 1027 2212 1066 D

197 1088 320 1127 docet.
373 1087 520 1128 factum
548 1089 650 1128 enim
679 1099 767 1128 esse
792 1083 970 1126 Ἀπόλλων
998 1100 1139 1130 nomen
1168 1101 1214 1129 ex
1253 1089 1437 1137 ὁμοπολῶν
1478 1100 1526 1129 ea
1552 1088 1719 1139 ratione,
1760 1088 1930 1138 primum
1971 1092 2017 1129 ut
2043 1100 2116 1139 pro
2144 1090 2212 1138 ὁμο

197 1150 462 1201 copulativam
489 1150 596 1201 quod
623 1155 764 1192 vocant
792 1151 910 1202 alpha
937 1148 1156 1203 poneretur,
1184 1151 1323 1193 deinde
1351 1152 1518 1193 alterum
1544 1155 1590 1192 ut
1616 1151 1860 1192 insereretur
1884 1151 2053 1193 lambda.
2118 1152 2212 1193 audi

196 1214 342 1264 ipsum:
372 1209 490 1263 ὥσπερ
517 1212 577 1252 οὖν
603 1213 663 1252 τὸν
690 1215 922 1263 ὁμοκελευθον
947 1212 1005 1252 καὶ
1031 1215 1202 1264 ὁμόκοιτιν
1228 1212 1424 1253 ἀκόλουθον
1451 1213 1508 1272 τεαὶ
1536 1212 1665 1252 ἄκοιτιν
1700 1215 1921 1264 εὶιαλέσαμεν,
1956 1216 2212 1266 μεταβαλόντες

196 1274 270 1316 ἀντὶ
298 1282 359 1316 τοῦ
387 1278 454 1327 ὁμο
481 1279 554 1326 (sic
581 1278 621 1319 C.
649 1279 714 1319 Fr.
743 1279 991 1320 Hermannus
1019 1276 1060 1317 οὖ
1088 1280 1150 1320 vel
1179 1294 1209 1325 o,
1237 1280 1341 1329 quod
1360 1279 1512 1320 codices
1538 1279 1740 1328 praebent,
1760 1279 1857 1320 scite
1875 1279 2073 1329 emendat)
2101 1277 2211 1329 ἄλφα,

197 1336 287 1379 οὕτω
312 1338 368 1378 καὶ
393 1337 596 1379 Ἀπόλλωνα
624 1342 833 1390 ἐκαλέσαμεν
860 1338 899 1385 ὃς
925 1340 965 1390 ἦν
997 1343 1192 1391 ὁμοπολῶν,
1220 1343 1334 1391 ἕτερον
1360 1342 1474 1393 λάβδα
1510 1341 1725 1392 ἐμβαλόντες,
1762 1338 1813 1379 ὅτι
1851 1342 2031 1391 ὁμώνυμον
2066 1342 2213 1392 ἐγίνετο

195 1407 243 1446 τῷ
270 1405 409 1453 χαλεπῷ
435 1400 590 1453 ὀνόματι.
644 1408 841 1455 postrema
876 1405 996 1445 verba
1031 1401 1085 1442 ὅτι
1112 1405 1274 1454 ὁμώνυμα
1310 1406 1457 1455 e’yc'yvew
1492 1409 1540 1448 τῷ
1575 1408 1716 1454 χαλεπῷ
1751 1401 1892 1454 ὀνόματι
1928 1405 2210 1446 Stallbaumius

196 1468 252 1507 sic
277 1468 579 1517 interpretatur:
608 1469 728 1518 quia
753 1469 971 1518 aequale
998 1472 1111 1509 erat
1137 1481 1311 1509 nomen
1339 1469 1487 1509 tristi
1515 1469 1599 1508 illi
1625 1474 1675 1509 et
1701 1470 1904 1508 immiti:
1957 1481 2049 1509 nam
2067 1465 2208 1507 ἀπολῶν

196 1533 257 1571 est
283 1529 671 1571 interfecturus.
725 1531 766 1571 in
793 1531 900 1572 hisce
927 1530 1130 1572 offensioni
1156 1531 1249 1572 mihi
1277 1536 1339 1572 est
1365 1532 1504 1572 modus
1531 1531 1777 1582 indicativus,
1798 1532 1995 1582 quoniam,
2024 1543 2113 1573 cum
2140 1532 2210 1573 illa

195 1593 395 1634 nominum
422 1594 641 1644 aequalitas
668 1594 839 1635 nondum
868 1598 1169 1636 commemorata
1206 1596 1255 1636 sit
1295 1606 1424 1645 neque
1466 1595 1624 1636 omnino
1665 1600 1803 1644 exstet,
1841 1595 2110 1637 subaudienda
2150 1600 2209 1637 est

196 1658 415 1704 enuntiatio
432 1658 683 1708 hypothetica
711 1659 751 1698 si
779 1660 995 1699 alterum
1022 1659 1223 1699 lambda
1249 1671 1343 1699 non
1370 1659 1753 1700 intericeretur.
1807 1661 1942 1709 itaque
1960 1659 2209 1700 scribendum

196 1733 282 1760 esse
311 1722 560 1761 crediderim:
587 1717 638 1759 ὅτι
668 1722 847 1771 ὁμώνυμον
874 1718 917 1759 ἂν
944 1723 1089 1772 ἐγήψετο
1115 1727 1163 1765 τῷ
1190 1725 1328 1771 χαλεπῷ
1355 1719 1508 1772 ὀνόματι,
1549 1723 1624 1763 hoc
1652 1728 1732 1762 est:
1775 1723 1869 1772 quia
1895 1723 2062 1772 aequale
2106 1730 2208 1763 esset

195 1796 335 1825 nomen
362 1784 466 1824 tristi
495 1785 553 1825 illi
581 1790 621 1825 et
648 1786 797 1826 immiti.
826 1787 970 1826 omissa
1010 1798 1102 1826 vero
1129 1783 1172 1823 ἄν
1212 1787 1404 1835 particula
1444 1787 1519 1826 nisi
1560 1787 1675 1827 certis
1718 1786 1953 1836 quibusdam
1993 1786 2207 1836 imperfecti

194 1848 380 1899 temporis
407 1848 631 1890 indicativis
659 1849 929 1901 hypotheticis,
957 1849 1066 1891 velut
1093 1849 1170 1895 ἔδει,
1199 1849 1304 1900 ἐχρῆν,
1332 1849 1417 1899 ἐξῆν,
1445 1853 1625 1899 προσῆκεν,
1655 1851 1803 1891 Atticos
1848 1862 1923 1890 non
1951 1850 2011 1890 uti
2052 1850 2206 1901 pervul-

197 1916 333 1960 gatum
361 1917 433 1951 est.

1118 2039 1211 2077 409
1239 2038 1283 2077 G.

316 2100 366 2136 ἸΙ
390 2097 425 2136 δὲ
454 2095 626 2147 ἀστραπή,
654 2095 705 2137 ὅτι
733 2099 778 2137 τὰ
806 2098 886 2138 ὦπα
913 2097 1131 2149 ἀναστρέφει,
1166 2097 1374 2148 ἀναστρωπὴ
1402 2095 1445 2136 ἂν
1472 2098 1533 2148 εἴη,
1570 2104 1630 2137 νῦν
1657 2100 1693 2138 δὲ
1722 2097 1881 2148 αστραπι)
1912 2102 2201 2138 καλλωπισθεῖσα

192 2162 358 2210 κέκληται.
386 2159 431 2199 τὰ
458 2159 539 2199 ὦπα
567 2162 799 2211 scripturam
828 2175 945 2213 quam
973 2163 1125 2203 codices
1152 2163 1326 2212 plerique
1367 2174 1500 2202 omnes
1541 2163 1701 2210 habent,
1745 2175 1980 2212 quamquam
2021 2167 2202 2202 neutrum

192 2237 318 2276 genus
345 2223 386 2262 τὸ
414 2222 509 2263 ὦπον
537 2237 735 2274 nusquum
763 2227 919 2277 legitur,
946 2226 1148 2267 Bekkerus
1176 2225 1448 2267 Stallbaumius
1476 2226 1725 2266 Hermannus
1753 2231 1919 2266 servant.
1971 2226 2011 2265 in
2040 2225 2201 2276 quibus-

193 2289 284 2329 dam
311 2300 405 2329 vero
433 2289 639 2330 deterioris
667 2301 761 2330 sane
789 2294 907 2330 notae
933 2290 1045 2331 libris
1073 2294 1232 2341 praeter
1269 2290 1503 2330 insolentem
1544 2289 1650 2330 illam
1690 2289 1852 2330 formam
1893 2287 1938 2327 τὰ
1965 2287 2045 2327 ὦπα
2085 2289 2204 2330 etiam

192 2354 361 2394 usitatae
388 2354 536 2394 formae
563 2352 623 2391 τὸν
650 2351 741 2399 ὦπα,
768 2352 828 2402 τὴν
855 2351 936 2392 ὦπα
964 2358 1005 2394 et
1031 2355 1073 2394 in
1100 2354 1296 2394 veteribus
1339 2354 1576 2395 editionibus
1603 2352 1685 2396 τοὺς
1711 2351 1811 2396 ὦπας
1851 2353 2093 2394 exhibentur.
2159 2364 2205 2394 ac

192 2416 470 2457 Stallbaumius
498 2417 674 2467 quidem:
703 2418 1066 2467 quaemadmodum,
1094 2417 1234 2468 inquit,
1267 2417 1409 2459 Graeci
1449 2417 1489 2454 αἱ
1513 2414 1607 2460 ὦπες
1634 2421 1674 2457 et
1714 2417 1749 2454 οἱ
1786 2414 1879 2459 ὦπες
1919 2417 2113 2465 dixerunt,
2155 2417 2204 2457 de

192 2491 269 2530 quo
298 2492 331 2520 v.
359 2481 526 2521 Lobeck.
584 2481 635 2521 ad
663 2482 802 2531 Phryn.
838 2493 875 2531 p.
913 2480 1016 2531 461„
1057 2482 1131 2521 ita
1172 2482 1313 2521 Plato
1355 2482 1506 2521 etiam
1547 2481 1701 2521 tertia
1742 2492 1862 2519 usus
1905 2484 1984 2519 est
2023 2478 2203 2525 forma,

192 2544 333 2583 cuius
375 2545 599 2593 exempla
640 2544 866 2585 fortasse
906 2546 1059 2585 etiam
1099 2545 1223 2585 alibi
1262 2545 1600 2594 reperientur.
1655 2544 1761 2592 quod
1788 2543 1945 2592 quidem
1978 2554 2072 2581 num
2098 2548 2203 2582 recte

191 2606 434 2656 disputatum
461 2610 580 2657 atque
608 2609 829 2648 conclusum
857 2609 920 2657 sit,
947 2608 1128 2657 equidem
1155 2608 1241 2648 ideo
1260 2608 1436 2648 nonnihil
1456 2607 1708 2648 dubitationis
1727 2606 1871 2646 habere
1890 2606 2080 2654 existimo,
2111 2606 2204 2655 quia

192 2667 252 2716 ω”ψ
279 2669 511 2710 vocabulum
538 2671 588 2710 ab
615 2672 806 2711 orationis
834 2672 988 2711 solutae
1015 2683 1089 2711 usu
1108 2676 1299 2711 remotum
1318 2671 1378 2711 vel
1407 2671 1574 2710 maxime
1591 2671 1792 2720 proprium
1820 2673 1881 2709 est
1901 2668 2076 2715 Homeri,
2095 2669 2202 2717 apud

192 2745 306 2782 quem
334 2734 520 2783 loquendi
546 2733 736 2775 formulae
763 2734 811 2777 εἰς
838 2731 919 2773 ὦπα
947 2735 1087 2773 ἰδέσθαι
1122 2736 1184 2782 (11.
1213 2733 1339 2784 9,373.
1368 2733 1524 2783 15‚147.
1552 2733 1621 2774 Od.
1639 2731 1798 2782 22,405)
1818 2738 1859 2773 et
1885 2733 1934 2775 εἰς
1952 2730 2034 2771 ὦπα
2060 2734 2202 2772 ἐοικέναι

191 2795 251 2843 (Il.
279 2795 407 2846 3,158.
435 2796 507 2837 Od.
536 2796 853 2850 1‚411.23,107)
894 2798 1204 2849 frequentantur.
1258 2798 1369 2848 atqui
1409 2797 1506 2838 nihil
1548 2797 1757 2847 quicquam
1794 2807 1954 2838 caussae
1995 2801 2099 2843 erat.
2135 2808 2205 2837 cur
