2597 3316
1245 319 1297 360 11

389 502 463 545 Καὶ
489 502 554 554 μὴν
580 503 622 541 τό
649 519 685 553 γε
712 499 861 552 ἀγαθόν,
888 507 993 541 roim»
1018 509 1079 552 τῆς
1106 504 1244 553 φύσεως
1270 504 1386 552 πάσης
1412 508 1460 546 τῷ
1486 500 1630 554 ἀγαστῷ
1656 504 1814 555 βούλεται
1849 503 1891 542 τὸ
1931 503 2042 553 ὄνομα
2069 506 2280 548 ἐπικεῖσθαι.

264 568 380 619 ἐπειδὴ
420 566 487 618 γὰρ
527 566 710 616 πορεύεται
736 563 782 604 τὰ
823 564 918 612 ὄντα,
945 567 991 604 ἔνι
1016 566 1078 616 μὲν
1105 563 1157 617 ἄρ’
1186 563 1305 609 αὐτοῖς
1330 566 1447 616 τάχος,
1489 567 1536 604 ἔνι
1564 565 1602 604 δὲ
1628 567 1812 618 βραδύτης.
1868 568 1959 605 ἔστιν
1986 566 2048 606 οὖν
2075 583 2116 606 ου
2143 574 2216 607 πᾶν
2241 569 2283 608 τὸ

263 633 360 683 παχύ,
386 628 478 671 ἀλλά
503 646 536 669 τι,
562 626 670 669 αὑτοῦ
697 626 862 679 ἀγαστόν.
913 631 1025 678 τούτω
1052 628 1112 669 οἷν
1139 628 1181 679 δὴ
1208 634 1257 677 τῷ
1284 626 1427 680 ἀγαστῷ
1454 625 1542 679 αὕτη
1568 630 1589 679 ἡ
1616 631 1791 680 ἐπωνυμάι
1817 631 1901 677 ε”,στι
1929 627 2100 681 τάγαθόν.
2145 629 2285 683 ἀγαθόν

265 698 367 737 unde
394 694 649 736 derivandum
677 693 740 743 sit,
762 694 945 734 Socrates
973 695 1031 734 ita
1058 693 1227 744 exponit,
1254 693 1423 743 primum
1450 698 1495 734 ut
1520 694 1561 733 in
1590 694 1680 734 boni
1708 695 1868 735 notione
1896 695 2025 735 inesse
2053 700 2187 737 notam
2214 698 2283 738 ad-

264 760 430 800 mirandi
457 759 522 798 vel
548 756 700 797 mirifici
728 753 915 806 (ἀγαστόν)
943 757 1057 797 dicat.
1111 758 1431 807 quandoquidem
1451 758 1555 797 enim
1583 759 1715 798 omnia
1732 758 1933 799 Heraclito
1951 764 2111 800 auctore
2130 771 2284 811 semper

263 824 403 871 fluunt,
430 825 562 862 tamen
591 820 670 861 alia
699 820 886 861 velociter
912 820 991 860 alia
1018 820 1130 861 tarde
1157 824 1374 861 moventur·
1430 821 1542 871 atqui
1571 820 1680 868 (ἔστιν
1707 818 1784 871 οὖν)
1813 832 1890 862 non
1920 834 2036 863 omne
2075 824 2187 864 velox
2227 822 2285 873 (τὸ

262 886 361 936 ταχύ,
391 885 496 936 quod
523 884 808 925 Stallbaumius
836 896 883 924 ex
910 885 1260 935 interpretamento
1289 890 1418 925 ortum
1446 896 1533 925 esse
1561 890 1672 926 ratus
1700 887 1853 926 uncinis
1881 887 2066 936 inclusit,
2102 888 2282 938 equidem

264 960 510 1001 nequaquam
538 948 677 989 abesse
704 948 837 995 velim)
865 947 1121 988 admiratione
1149 948 1309 999 dignum
1338 952 1411 996 est,
1454 948 1524 989 sed
1566 952 1720 989 tantum
1761 949 1912 1000 aliquid
1954 951 2092 1001 ipsius,
2134 947 2227 989 ἀλλά
2253 967 2284 989 τι

262 1011 372 1052 αὐτοῦ
399 1010 562 1062 ἀγαστόν.
617 1012 719 1061 quod
750 1012 865 1061 quale
893 1014 957 1059 sit,
987 1012 1165 1061 quamvis
1193 1012 1256 1051 hic
1282 1025 1356 1051 non
1387 1013 1582 1061 explicate
1610 1013 1829 1063 doceamur,
1858 1019 1991 1054 tamen
2020 1027 2068 1054 ex
2095 1016 2284 1056 Heracliti

262 1077 469 1126 disciplina
496 1078 553 1115 ita
581 1076 923 1124 interpretandum
951 1088 1037 1114 esse
1066 1076 1307 1122 crediderim,
1335 1083 1379 1114 ut
1408 1088 1486 1124 quo
1515 1077 1687 1125 quidque
1717 1078 1804 1125 plus
1833 1081 1963 1117 motus
1991 1082 2032 1117 et
2058 1079 2283 1118 intellectus

262 1141 310 1180 ab
339 1141 428 1190 igno
456 1146 616 1179 aeterno
647 1139 732 1189 (πῦρ
758 1134 916 1187 ἀείζωον)
952 1138 1158 1187 acceperit,
1186 1150 1232 1178 eo
1262 1138 1388 1188 magis
1422 1136 1680 1179 admiratione
1720 1139 1882 1190 dignum
1925 1151 2012 1181 esse
2054 1139 2284 1182 affirmetur.

261 1206 396 1254 itaque
423 1204 521 1243 illud
549 1207 704 1242 tantum
733 1202 859 1250 velox,
888 1204 993 1252 quod
1022 1203 1126 1242 idem
1154 1202 1383 1242 admirabile
1411 1203 1474 1250 sit,
1505 1202 1662 1252 bonum,
1704 1198 1853 1252 ἀγαθόν,
1895 1209 2001 1243 recte
2029 1205 2161 1244 vocari
2188 1205 2285 1245 vult.

262 1279 381 1319 quam
410 1267 574 1307 eandem
603 1266 839 1306 sententiam
868 1278 903 1316 p.
930 1264 1009 1304 422
1038 1268 1071 1306 A
1100 1266 1206 1306 hisce
1235 1266 1359 1306 verbis
1388 1267 1550 1316 repetit:
1597 1264 1668 1303 οἶοι·
1695 1270 1753 1303 νῦν
1788 1264 1827 1315 δὴ
1855 1265 1897 1305 τὸ
1924 1264 2063 1317 ἀγαθὸν
2089 1268 2221 1318 ἔφαμεν
2247 1269 2284 1307 ἐκ

261 1337 323 1370 τοῦ
352 1327 509 1382 ἀγαστοῦ
537 1328 592 1368 καὶ
620 1330 657 1367 ἐκ
683 1334 746 1368 τοῦ
774 1334 867 1368 θοοῦ
895 1331 1108 1380 ξυγκεῖσθαι.

388 1395 429 1436 Si
456 1395 579 1446 igitur
605 1390 744 1445 ἀγαθόν
771 1393 1001 1435 vocabulum
1031 1406 1078 1434 ex
1106 1393 1260 1435 duabus
1279 1390 1431 1444 ἀγαστόν
1451 1398 1492 1435 et
1509 1393 1600 1432 θοόν
1617 1394 1792 1444 partibus
1812 1394 2024 1436 conflatum
2044 1399 2086 1436 et
2103 1394 2282 1436 effectum

260 1472 347 1500 esse
374 1459 554 1499 Socrates
583 1459 707 1505 docet,
736 1458 820 1498 fieri
850 1459 958 1498 nullo
988 1463 1102 1507 pacto
1130 1458 1307 1508 potuisse
1334 1462 1499 1506 constat,
1529 1462 1575 1498 ut
1601 1458 1727 1498 altera
1753 1470 1845 1508 pars
1873 1458 1966 1496 θοόν
1993 1459 2149 1499 silentio
2167 1471 2282 1509 prae-

262 1523 556 1564 termitteretur.
611 1534 732 1572 quare
761 1522 938 1572 quamvis
966 1522 1146 1562 Bekkero
1175 1525 1215 1561 et
1243 1520 1499 1562 Stallbaumio
1542 1522 1854 1572 repugnantibus
1902 1534 1975 1572 pro
2015 1522 2127 1570 τούτῳ
2153 1521 2213 1561 οὖν
2241 1522 2283 1572 δὴ

260 1591 307 1629 τῷ
326 1582 468 1636 ἀγαστῷ
486 1586 734 1626 scribendum
755 1597 841 1626 esse
861 1585 1061 1625 existimo:
1087 1589 1137 1632 τῷ
1157 1589 1234 1627 θοῷ
1253 1582 1312 1622 οἷν
1331 1581 1372 1633 δὴ
1399 1587 1448 1627 τῷ
1466 1580 1609 1634 ἀγαστῷ
1636 1580 1722 1633 αὕτη
1749 1586 1768 1634 ἡ·
1796 1586 1971 1634 summi:
1998 1586 2082 1631 ἐστι’,
2109 1582 2281 1635 τάγαθόν.

387 1650 499 1697 Quod
527 1650 567 1689 C.
596 1650 659 1688 Fr.
678 1650 943 1697 Hermannus,
962 1650 1038 1688 etsi
1056 1649 1303 1688 coniecturae
1330 1649 1524 1687 rationem
1543 1649 1585 1688 in
1606 1648 1855 1689 Praefatione
1883 1661 1962 1689 non
1981 1650 2122 1698 reddit,
2142 1651 2279 1691 eadem

261 1718 403 1761 tamen,
433 1713 580 1762 opinor,
607 1724 724 1752 causa
753 1712 959 1760 adductus,
988 1724 1107 1762 quam
1150 1724 1224 1761 ego
1267 1712 1381 1751 modo
1423 1712 1552 1760 attuli,
1593 1716 1656 1749 τοῦ
1683 1716 1775 1750 θοοῦ
1804 1710 1846 1760 δὴ
1873 1716 1922 1755 τῷ
1949 1709 2092 1762 ἀγαστῷ
2133 1713 2281 1760 scribit,

260 1778 497 1816 constructio
539 1777 655 1826 paulo
696 1776 912 1815 contortior
953 1774 1141 1823 efficitur;
1184 1785 1310 1824 neque
1351 1780 1557 1824 praeterea
1597 1775 1693 1815 haec
1720 1776 1920 1825 scriptura
1946 1776 1998 1815 ad
2025 1776 2078 1824 id,
2107 1777 2212 1826 quod
2240 1777 2280 1816 in

260 1840 392 1881 codice
412 1840 624 1879 Clarkiano
653 1839 801 1889 legitur
818 1838 943 1876 τούτωι.
970 1834 1022 1887 οὐ,
1049 1840 1210 1888 propius
1238 1839 1399 1886 accedit,
1419 1850 1538 1888 quam
1566 1839 1671 1888 quod
1690 1850 1763 1889 ego
1783 1840 1982 1888 proposui.
2039 1834 2279 1889 reliquorum

260 1914 351 1943 vero
380 1903 533 1943 rodium
561 1903 598 1942 h.
626 1903 650 1941 l.
687 1903 829 1942 mirum
857 1907 1044 1952 quantum
1072 1902 1175 1941 inter
1214 1913 1257 1942 se
1296 1902 1604 1952 discrepantium
1644 1924 1696 1931 ——
1735 1906 1839 1939 τοῦτο
1880 1896 1921 1939 οὗ
1962 1903 2279 1943 FAAJIYBCEF

259 1966 427 2018 HJle,
455 1969 561 2003 τοῦτο
586 1959 616 2003 ὧ
645 1977 710 2016 mg
739 1966 782 2014 F,
810 1960 964 2003 τοῦτο·ὅ
993 1966 1069 2014 ΞΣ,
1095 1968 1200 2003 τοῦτο
1227 1960 1267 2001 οὐ
1293 1965 1329 2005 G
1351 1987 1395 1994 —
1418 1966 1633 2006 auctoritas
1661 1965 1833 2014 minoris,
1862 1977 1981 2015 quam
2000 1965 2101 2005 ratio
2121 1970 2276 2005 senten-

260 2031 404 2070 tiarum
434 2041 555 2070 nexus
584 2029 719 2070 habita
747 2029 987 2070 aestimanda
1014 2032 1085 2070 est.

385 2094 525 2133 Restat
550 2096 605 2143 ut,
634 2104 713 2143 qua
740 2093 894 2133 ratione
922 2092 1206 2133 Stallbaumius
1246 2092 1285 2131 in
1312 2093 1591 2133 commentario
1632 2096 1829 2143 postrema
1871 2092 1992 2131 verba
2032 2092 2148 2132 huius
2190 2092 2276 2138 loci,

260 2143 375 2205 quem
402 2157 535 2196 haud
563 2157 708 2196 dubie
745 2157 1029 2196 miserando
1067 2156 1208 2195 modo
1242 2155 1581 2203 depravatum
1616 2167 1703 2195 esse
1729 2157 1835 2203 dicit,
1865 2155 2093 2195 emendasse
2121 2155 2195 2194 sibi
2222 2156 2279 2194 vi-

259 2220 412 2267 deatur,
440 2218 613 2259 breviter
639 2230 994 2259 commemoremus.
1049 2231 1117 2259 me
1145 2218 1187 2259 si
1215 2218 1379 2266 audis
1407 2219 1550 2269 inquit,
1590 2219 1798 2269 corrige
1834 2218 1993 2259 ocius·
2030 2216 2123 2255 ἔστιν
2149 2214 2211 2255 οὖν
2237 2213 2278 2255 οὐ

259 2285 339 2328 πᾶν,
366 2278 459 2320 ἀλλά
484 2296 517 2320 τι
543 2276 651 2320 αυτοῦ
679 2277 843 2331 ἀγαστόν,
870 2278 912 2319 τὸ
938 2280 1040 2321 θοόν.
1095 2281 1206 2329 τούτῳ
1232 2279 1291 2319 obv
1316 2279 1358 2329 δὴ
1385 2285 1434 2325 τῶ
1461 2277 1604 2331 ἀγαστῶ
1630 2296 1717 2330 αυτη
1744 2282 1764 2329 ἡ
1792 2280 1965 2329 ἐπωνυμία
2001 2294 2031 2319 κ.
2058 2294 2086 2317 τ.
2114 2281 2146 2316 λ.
2183 2280 2277 2327 ita,

258 2346 554 2391 mihicrede,
573 2356 855 2396 germanam
884 2345 1094 2385 habebis
1123 2345 1352 2385 Platonis
1379 2356 1581 2385 manum.
1635 2356 1753 2394 quam
1782 2344 1936 2393 quidem
1966 2343 2198 2392 scripturam
2225 2342 2276 2382 ab

260 2409 324 2457 eis,
355 2419 455 2458 quae
483 2408 634 2450 codices
662 2408 818 2458 habent,
848 2409 962 2449 nimis
991 2408 1104 2448 valde
1131 2408 1312 2449 recedere
1338 2408 1380 2447 in
1408 2411 1590 2458 promptu
1618 2411 1686 2447 est

1167 2536 1252 2573 414
1277 2534 1364 2574 BG.

389 2595 497 2645 Τέχνη
523 2596 754 2637 vocabulum
782 2597 940 2646 proprie
968 2596 1072 2637 idem
1100 2609 1187 2637 esse
1214 2600 1332 2647 atque
1359 2594 1478 2646 ἐχονόη
1506 2595 1543 2635 h.
1574 2608 1605 2636 e.
1634 2593 1701 2640 ἕξις
1727 2597 1799 2640 νοῦ,
1818 2593 1999 2633 Socrates
2020 2591 2128 2632 hisce
2147 2590 2278 2632 verbis

261 2657 425 2706 probare
451 2663 632 2699 conatur:
661 2655 783 2696 οὐκοῦν
799 2659 904 2696 τοῦτό
921 2673 958 2708 γε
984 2659 1051 2705 ἔξω
1078 2663 1138 2696 νοῦ
1158 2659 1322 2708 σιῑμαήνει,
1350 2657 1393 2696 τὸ
1419 2657 1480 2706 μὲν
1506 2662 1573 2695 ’ταῦ
1601 2654 1772 2706 ἀφελόντι,
1800 2655 1984 2705 ἐμβαλόντι
2011 2653 2049 2691 δὲ
2076 2653 2117 2691 οὗ
2144 2652 2275 2702 μεταξὺ

259 2725 337 2756 τοῦ
364 2725 411 2769 χῖ
431 2719 498 2758 καὶ
525 2728 601 2760 τοῦ
628 2728 671 2760 νῦ
698 2721 771 2760 καὶ
798 2728 874 2761 τοῦ
902 2722 991 2771 ἦτα.
1046 2736 1163 2774 quam
1191 2724 1348 2773 quidem
1367 2723 1543 2763 codicum
1561 2722 1808 2770 scripturam,
1828 2721 1903 2760 etsi
1923 2731 2051 2769 neque
2071 2717 2278 2759 Bekkerus

260 2795 388 2834 neque
416 2785 697 2829 Stallbaumius
723 2799 852 2838 neque
878 2787 1128 2829 Hermannus
1165 2787 1396 2836 sollicitant,
1437 2790 1569 2827 tamen
1612 2783 1823 2827 offensione
1867 2795 1946 2825 non
1989 2793 2129 2824 vacare
2170 2785 2279 2833 puto.

260 2848 348 2896 quis
377 2852 438 2888 est
463 2850 578 2896 enim,
606 2851 699 2901 quin
730 2864 752 2891 o
780 2852 953 2891 litteram
981 2852 1086 2891 inter
1113 2866 1173 2901 χω]
1200 2855 1282 2891 tres
1310 2851 1465 2890 litteras
1499 2850 1666 2890 mediam
1707 2849 1827 2888 inseri
1868 2859 1984 2897 posse
2027 2846 2174 2896 neget?
2229 2858 2279 2886 ne

2021 2910 2042 2943 3
