2597 3316
1273 202 1300 243 4

280 321 468 361 eiusmodi
495 306 791 371 quaestionibus
820 321 949 361 studia
977 332 1049 361 sua
1076 322 1285 370 collocant3
1327 333 1462 362 verum
1503 321 1696 361 enimvero
1738 322 1928 372 gymnasii
1970 334 2095 372 nuper
2134 323 2289 363 demum

279 384 407 433 aperti
434 383 710 424 bibliothecam
740 394 819 423 non
847 385 979 423 statim
1007 384 1058 424 ab
1099 385 1210 425 initio
1251 397 1393 435 magna
1434 385 1558 424 omnis
1600 384 1754 434 generis
1796 385 1984 424 librorum
2021 387 2132 435 copia
2167 386 2289 425 abun-

279 447 387 494 dare,
414 446 484 486 sed
511 446 560 486 iis
577 441 789 495 praecipue
809 447 876 496 qui
895 447 946 486 ad
975 447 1131 487 scholae
1158 459 1270 487 usum
1299 448 1465 487 maxime
1493 450 1586 486 sunt
1614 447 1822 487 necessarii
1849 447 2078 488 instructam
2108 460 2193 488 esse
2221 461 2291 498 par

278 513 399 559 atque
427 518 595 559 aequum
623 512 695 548 est.

1204 605 1298 644 389
1325 606 1376 644 D.

397 662 471 716 Ἆρ’
502 664 573 713 οὖν,
600 664 629 705 ὦ
664 667 831 718 (iducis,
866 663 921 705 καὶ
955 664 996 704 τὸ
1033 665 1170 714 ἑκάστῳ
1206 665 1308 715 queret
1345 681 1412 716 πει]
1420 664 1500 709 υκὸς
1534 664 1644 713 ὄνομα
1678 664 1737 705 τὸν
1765 666 1955 716 νομοθέτην
1982 667 2107 705 ἐκεῖνον
2134 667 2182 711 εἰς
2209 665 2290 710 τοὺς

278 729 459 780 φθόγγονς
484 728 540 768 καὶ
568 728 633 773 τὰς
661 729 841 780 συλλαβὰς
868 733 923 767 δεῖ
946 730 1162 767 ε’πὺῖτασθαι
1203 730 1338 766 τιθέναι
1380 727 1434 767 καὶ
1474 729 1700 780 βλέποντα
1742 728 1852 778 πρὸς
1891 726 2000 767 αὐτὸ
2039 731 2198 776 ἐκεῖνο,
2240 723 2288 768 οἶ·

280 792 398 831 ἔστιν
425 790 572 842 ὄνομα.

407 857 630 904 Quaeritur,
659 860 792 895 utrum
820 857 928 893 ἐκεῖνο
955 850 1007 899 οἷν,
1049 856 1397 904 quaemadmodum
1438 857 1477 895 in
1518 857 1647 896 codice
1689 856 1928 895 Coisliniano
1956 868 1980 894 a
2008 857 2132 906 prima
2173 869 2292 896 mauu

279 921 400 969 atque
426 919 467 959 in
496 919 696 959 nonnullis
725 919 931 959 deterioris
961 922 1076 958 notae
1106 918 1301 958 codicibus
1330 919 1485 968 legitur,
1514 931 1600 959 cum
1620 918 1818 968 Stephano
1847 922 1887 958 et
1913 919 2169 959 Stallbaumio
2197 920 2291 959 scri-

278 982 448 1022 bendum
476 983 539 1031 sit,
568 994 620 1021 an
648 994 735 1022 cum
763 982 946 1021 Bekkero
988 986 1028 1021 et
1055 983 1278 1022 Hermanno
1321 983 1428 1020 ἔκειτο
1455 978 1485 1027 ὅ,
1526 983 1631 1032 quod
1672 982 1792 1021 ceteri
1835 982 1941 1031 iique
1976 983 2113 1032 optimi
2141 983 2291 1023 codices

282 1044 515 1086 Clarkianus
542 1045 777 1085 Parisiensis
805 1045 1021 1084 Vaticanus
1049 1045 1207 1085 habent.

406 1108 586 1149 Socrates
613 1108 687 1148 hoc
713 1109 799 1148 loco
840 1108 918 1147 387
946 1109 982 1148 D
1010 1130 1062 1136 ——
1089 1107 1169 1146 390
1196 1110 1227 1148 Ε
1271 1120 1347 1148 non
1375 1108 1581 1148 cuiuslibet
1607 1120 1720 1147 suum
1749 1108 1888 1157 cuique
1916 1108 1972 1147 rei
2001 1120 2141 1147 nomen
2170 1109 2293 1158 impo-

281 1184 384 1220 nere,
417 1172 486 1212 sed
518 1172 638 1212 solius
674 1173 773 1222 legis
813 1173 949 1211 latoris
991 1185 1077 1212 esse
1111 1173 1231 1213 docet.
1284 1172 1430 1222 fingere
1471 1177 1602 1211 autem
1643 1172 1742 1222 legis
1778 1172 1938 1211 latorem
1970 1173 2126 1211 nomina
2155 1173 2292 1212 eadem

278 1235 432 1274 ratione
473 1246 553 1285 qua
592 1235 746 1275 radium
774 1235 927 1275 fabrum
969 1235 1191 1286 lignarium,
1236 1235 1431 1275 terebram
1473 1234 1628 1275 fabrum
1656 1236 1870 1275 aerarium:
1925 1239 2103 1283 spectare
2145 1235 2292 1275 scilicet

280 1301 492 1348 utrumque
511 1301 631 1348 atque
650 1298 778 1337 animo
798 1298 1009 1348 depingere
1036 1310 1166 1337 rerum
1195 1298 1460 1347 fingendarum
1490 1299 1665 1347 speciem,
1694 1298 1822 1337 ideam
1842 1298 1993 1347 (fimum
2020 1295 2108 1346 πρὸς
2135 1297 2176 1334 τὸ
2203 1297 2294 1339 εἶδος

280 1359 360 1399 389
386 1363 431 1400 A.
460 1357 548 1398 αὐτὸ
575 1356 595 1397 ὃ
623 1361 693 1398 ἔστι
722 1361 833 1408 κερκίς
859 1359 937 1398 389
958 1362 1017 1409 Β).
1056 1366 1102 1400 ut
1130 1361 1238 1400 faber
1258 1362 1449 1410 lignarius
1469 1362 1548 1400 sive
1569 1362 1672 1411 apud
1692 1361 1863 1401 Graecos
1882 1363 1963 1400 sive
1984 1362 2086 1411 apud
2106 1362 2293 1400 barbaros

283 1424 356 1464 etsi
385 1436 464 1464 non
493 1424 628 1466 eodem
656 1423 773 1473 ferro,
803 1423 873 1464 sed
901 1428 1032 1464 tamen
1051 1425 1262 1464 secundum
1282 1425 1447 1465 eandem
1466 1425 1591 1468 ideam
1611 1425 1873 1464 instrumenta
1901 1423 2090 1472 conficiat,
2111 1426 2166 1465 sie
2194 1424 2294 1474 legis

282 1487 456 1537 latorem,
484 1488 550 1538 qui
579 1488 683 1537 apud
711 1487 917 1526 Platonem
945 1481 1146 1526 nominum
1174 1488 1290 1527 rebus
1319 1488 1637 1538 imponendorum
1679 1498 1841 1527 munere
1889 1488 2068 1538 fungitur
2109 1487 2203 1537 (389
2230 1488 2293 1537 A).

281 1551 362 1589 sive
390 1551 568 1591 Graecus
596 1552 677 1590 sive
705 1551 899 1590 barbarus
927 1551 991 1597 sit,
1020 1554 1126 1590 recte
1155 1553 1311 1590 nomina
1338 1551 1517 1598 formare,
1537 1552 1743 1590 dummodo
1763 1552 1928 1590 nominis
1953 1551 2078 1590 ideam
2099 1552 2294 1599 propriam

281 1613 443 1664 syllabis
471 1613 645 1663 effingat,
680 1614 744 1656 ἕως
771 1608 815 1650 ἂν
841 1611 883 1651 τὸ
909 1618 971 1651 τοῦ
1000 1608 1172 1661 ὀνόματος
1199 1614 1290 1656 εἶδος
1318 1611 1475 1660 ἀποδιδῷ
1503 1614 1597 1661 (390
1616 1616 1677 1660 Α).
1697 1615 1831 1663 itaque
1853 1614 2013 1654 dubium
2034 1626 2118 1654 esse
2148 1615 2292 1663 nequit.

283 1678 378 1726 quin
405 1676 653 1717 scribendum
682 1678 735 1716 Sit
761 1676 989 1726 βλέποντα
1017 1674 1129 1724 πρὸς
1156 1677 1295 1714 ἐκεῖνο
1330 1672 1350 1713 ο
1377 1677 1494 1714 ἔστιν
1522 1675 1673 1723 ὄνομα.

1206 1793 1299 1831 389
1327 1793 1379 1831 D.

485 1884 495 1893 .
523 1854 557 1891 εἰ
579 1851 614 1890 δὲ
632 1851 675 1901 μ’)
697 1853 746 1895 εἰς
763 1850 829 1895 τὰς
847 1849 958 1895 αὐτὰς
977 1851 1155 1903 συλλαβὰς
1173 1853 1318 1896 ἕκαστος
1336 1855 1355 1890 ὁ
1375 1855 1562 1903 νομοθέτης
1588 1855 1736 1903 τίθησιν,
1756 1850 1854 1892 οὐδὲν
1873 1858 1929 1891 δεῖ
1951 1870 1969 1892 τ
1982 1858 2086 1891 vino
2104 1852 2182 1903 ‹iyn-
2194 1859 2295 1891 mir·

283 1913 362 1954 οἱδὶ
390 1915 455 1966 γὰρ
481 1948 492 1958 .
518 1946 528 1956 .
556 1946 565 1954 .
593 1919 648 1956 sic
674 1917 879 1956 Bekkerus
921 1918 1256 1957 consentientibus
1300 1919 1479 1958 omnibus
1520 1919 1569 1957 ad
1612 1930 1730 1956 unum
1772 1917 1968 1956 codicibus
1996 1919 2161 1966 scripsit.
2216 1918 2295 1956 Nec

283 1980 493 2029 quicquam
521 1990 662 2020 causae
690 1983 764 2027 est,
793 1991 862 2019 cur
889 1978 1065 2019 offendas
1093 1980 1133 2018 in
1162 1975 1293 2028 ἀγνοεῖν
1321 1979 1450 2028 verbo,
1472 1980 1576 2029 quod
1603 1992 1680 2019 non
1708 1980 1943 2029 ignorare
1962 1979 2035 2019 hoc
2063 1980 2146 2019 loco
2174 1980 2295 2029 signi-

283 2042 386 2093 ficat,
414 2043 482 2083 sed
509 2054 700 2091 errare,
728 2043 777 2082 in
815 2054 1037 2083 errorem
1065 2043 1250 2082 induci.
1288 2046 1395 2083 recte
1430 2043 1548 2093 igitur
1576 2043 1956 2084 Schleiermachcrus
1995 2044 2294 2093 interpretatur:

283 2118 396 2145 wenn
424 2106 518 2145 aber
545 2106 653 2145 nicht
679 2107 790 2155 jeder
817 2106 948 2147 solche
976 2106 1243 2156 Gesetzgeber
1270 2106 1340 2143 das
1361 2106 1473 2144 Wort
1499 2106 1538 2144 in
1557 2106 1755 2145 dieselben
1785 2106 1920 2146 Silben
1949 2106 2178 2155 niederlegt,
2208 2107 2295 2144 das

283 2180 413 2209 muss
442 2180 530 2208 uns
558 2168 701 2209 nicht
728 2170 769 2209 ir
781 2181 829 2209 re
843 2181 880 2209 n.
932 2169 1047 2209 Denn
1076 2168 1177 2208 auch
1206 2167 1312 2208 nicht
1339 2198 1348 2208 .
1377 2198 1387 2208 .
1414 2197 1424 2207 .
1454 2169 1507 2209 sic
1535 2170 1654 2210 etiam
1682 2170 1779 2210 illud
1816 2174 1930 2218 τοῦτο,
1966 2181 2066 2220 quae
2095 2174 2155 2209 est
2183 2169 2296 2210 huius

284 2233 525 2282 pronominis
544 2234 602 2272 vis
621 2236 662 2273 et
678 2237 830 2279 natura,
849 2232 900 2273 ad
919 2245 979 2281 ea,
1001 2244 1104 2282 quae
1122 2233 1374 2282 praecedunt,
1395 2232 1573 2272 refertur.
1610 2234 1716 2281 Quae
1736 2245 1823 2273 cum
1842 2234 1899 2273 ita
1919 2234 2008 2282 sint,
2027 2233 2295 2273 Heindorfium

284 2307 355 2346 pro
384 2291 517 2346 ἀγνοεῖν
544 2296 735 2337 inutiliter
761 2297 935 2338 conicere
963 2296 1157 2345 θαυμάζειν
1186 2297 1245 2337 vel
1273 2296 1397 2334 ἐννοεῖν
1424 2297 1484 2337 vel
1513 2292 1611 2335 οὐδὲν
1639 2295 1675 2335 δὲ
1703 2301 1808 2335 τοῦτο
1836 2294 1980 2342 ἄτοπον,
2017 2297 2297 2337 Buttmannum

285 2355 499 2409 ἀγανακτεῖν,
527 2360 681 2399 Astium
709 2356 854 2407 ἀπορεῖν
881 2364 1059 2410 apparet.
1130 2360 1406 2400 Stallbaumius
1449 2370 1539 2399 vero
1581 2363 1719 2400 contra
1752 2360 2032 2410 grammaticae
2060 2359 2167 2410 leges
2195 2363 2298 2397 τοῦτο

286 2434 501 2473 pronomen
529 2423 581 2462 ad
609 2434 667 2471 ea,
689 2434 790 2472 quae
817 2427 1023 2473 sequntur,
1051 2422 1182 2468 refert.
1205 2435 1281 2472 quo
1302 2423 1433 2462 codem
1454 2435 1586 2463 errore
1605 2423 1723 2463 etiam
1744 2424 1934 2463 Milllerus
1956 2423 2123 2471 ducitur,
2153 2423 2295 2473 quippe

288 2486 355 2534 qui
383 2489 531 2525 vertat:
559 2498 603 2524 so
631 2485 723 2525 darf
747 2498 838 2524 man
867 2486 1063 2526 durchaus
1091 2487 1312 2535 Folgendes
1342 2486 1448 2524 nicht
1475 2486 1701 2526 iibersehen.

406 2656 481 2698 Ὅτι
509 2676 568 2708 μοι
597 2664 691 2697 δοκεῖ
716 2659 769 2698 καὶ
800 2666 902 2699 τοῦτο
929 2662 1176 2710 π(ι(κιπὶ.ι[σιύι’
1204 2678 1233 2698 τι
1263 2662 1347 2697 εἶναι
1378 2663 1472 2703 (scil.
1502 2674 1641 2701 nomen
1671 2664 1865 2708 Hectoris)
1900 2667 1948 2708 τῷ
1976 2659 2212 2701 ’,κίστυῑίνιικτμ
2241 2659 2296 2697 καὶ

286 2722 392 2761 ἔοικέν
431 2721 636 2771 Ἰ-,Ἔὶαῑνικοῖς
679 2728 789 2762 ταῦτα
829 2722 873 2761 τι).
915 2720 1081 2772 ὀνόματα.
1148 2725 1186 2759 ’(1
1228 2723 1291 2774 γάρ
1332 2722 1418 2769 cira}
1456 2721 1509 2762 καὶ
1538 2725 1558 2761 ί)
1585 2724 1691 2772 «ι”κτωρ
1733 2724 1854 2773 σχεδόν
1895 2741 1923 2762 τι
1966 2722 2091 2761 ταυτὸν
2133 2723 2295 2771 σημαίνει,
