2597 3316
1213 255 1238 296 7

214 379 269 421 καὶ
310 379 472 428 namqu&
516 377 764 418 substantiva
805 380 1053 416 διαπονεῖσθαι
1090 374 1146 416 καὶ
1188 381 1362 427 καρτερεῖν
1398 376 1526 418 verbis
1554 376 1730 427 proxime
1758 376 2081 427 praecedentibus
2108 376 2231 427 aptis-

215 445 313 486 sime
340 440 589 493 respondent.

1141 577 1233 615 395
1258 576 1306 614 E.

339 638 548 678 Tantalum
576 649 717 677 nomen
747 650 860 678 suum
889 650 913 677 a
941 637 1075 677 multis
1103 637 1336 687 magnisque
1371 636 1501 682 malis,
1539 636 1579 675 in
1615 648 1716 687 quae
1753 642 1792 676 ct
1831 636 1943 675 vivus
1977 640 2018 676 et
2052 640 2230 675 mortuus

214 701 412 750 inciderit,
440 701 607 740 traxisse
635 701 816 741 Socrates
845 701 984 749 tradit3
1014 701 1201 740 usitatam
1228 700 1331 739 enim
1360 711 1406 739 ac
1424 700 1626 750 vulgarem
1645 699 1762 739 huius
1791 699 1959 738 nominis
1988 699 2152 738 formam
2178 720 2231 726 —

220 765 402 806 Τάνταλος
429 786 481 792 -
509 765 726 804 obtinuisse
753 771 794 804 et
813 767 1072 813 permansisse
1092 777 1163 814 pro
1191 765 1296 804 iusta
1314 776 1360 803 ac
1378 765 1537 813 propria
1555 763 1684 802 forma
1703 762 1930 812 ταλάντατος,
1950 763 2054 812 quod
2073 762 2231 811 quidem

215 826 447 869 vocabulum
475 826 685 868 scholiasta
713 827 877 868 eandem
904 827 982 867 vim
1010 832 1130 878 atque
1158 823 1389 877 ἀτυχέστατος
1432 827 1579 868 habere
1620 827 1745 867 docet.
1818 825 1960 877 quibus
2003 826 2052 865 de
2078 824 2231 865 Tantali

214 892 369 930 nomine
396 891 583 939 expositis
612 892 791 930 Socrates
818 892 915 931 haec
943 892 1140 940 adiungit:

501 983 511 992 .
539 984 547 991 .
577 953 734 991 τοιοῦτόν
760 969 792 991 τι.
819 952 875 991 καὶ
903 953 1014 1000 τούτῳ
1040 951 1081 991 τὸ
1110 951 1220 1003 ὄνομα
1247 954 1352 992 ἔοικεν
1379 953 1555 1003 ἐκπορίσαι
1585 954 1604 1002 ἡ
1631 953 1714 1002 τύχη
1740 957 1801 1001 τῆς
1829 952 1951 1002 (γήμῃς.

339 1016 403 1056 Sic
429 1016 644 1066 Bekkerus‚
672 1017 922 1056 Hermannus
951 1017 1018 1056 alii
1045 1017 1249 1056 meliorum
1275 1017 1463 1056 librorum
1490 1018 1742 1058 ἓῐΔΛΞΙΙΣΥ
1743 1016 1779 1055 G
1798 1015 2029 1056 auctoritati
2058 1015 2232 1054 obsecuti

215 1078 403 1126 scribunt,
433 1078 620 1128 Stephani
648 1083 946 1129 ceterorumque
974 1080 1149 1120 codicum
1176 1081 1369 1130 scriptura
1395 1076 1451 1117 καὶ
1473 1085 1582 1126 ,τοῦτο
1608 1081 1694 1119 iure
1712 1080 1931 1129 meritoque
1951 1078 2112 1126 reiecta,
2133 1089 2230 1127 quo·

215 1142 319 1181 niam
346 1142 499 1181 Tantali
527 1143 692 1182 nominis
721 1143 869 1182 notatio
897 1155 985 1182 cum
1013 1143 1179 1182 aliorum
1208 1143 1407 1183 nominum
1440 1143 1695 1192 explicatione
1732 1147 1988 1191 comparatur.
2044 1146 2087 1180 at
2135 1141 2231 1190 quid

215 1204 289 1245 sibi
334 1204 418 1245 vult
445 1205 464 1254 ἡ
490 1204 573 1255 τύχη
599 1209 660 1254 τῆς
687 1204 831 1255 φήμηςὶ)
878 1205 1054 1247 Ficinum
1086 1206 1252 1257 quidem,
1271 1206 1381 1248 cuius
1400 1205 1496 1246 haec
1514 1210 1575 1246 est
1602 1206 1895 1257 interpretatio:
1923 1205 2027 1246 tale
2054 1205 2230 1255 utique

215 1279 390 1308 nomen
417 1267 622 1308 fortuna
650 1269 759 1308 eius
794 1270 1007 1310 adversa
1041 1271 1156 1319 ipso
1190 1282 1383 1310 rumore
1419 1270 1642 1319 gentium
1679 1269 1982 1318 praebuisse
2018 1268 2231 1313 videtur,

213 1343 300 1371 cum
327 1332 368 1370 in
394 1332 471 1371 illis
499 1332 626 1372 verbis
655 1331 885 1380 offenderet,
913 1345 992 1371 non
1021 1334 1073 1373 ad
1100 1333 1215 1373 fidem
1243 1334 1450 1373 verborum
1477 1332 1733 1379 traditorum,
1762 1334 1839 1376 sed,
1867 1336 1913 1370 ut
1940 1331 2041 1370 solet
2067 1331 2109 1369 in
2136 1331 2231 1370 loeis

214 1394 417 1443 suspectis,
446 1395 561 1444 paulo
589 1395 771 1435 licentius
800 1395 975 1443 vertisse,
1005 1396 1092 1445 quis
1120 1399 1182 1436 est
1209 1396 1302 1445 quin
1330 1396 1489 1435 videat?
1542 1395 1818 1435 Boissonadius
1847 1399 1991 1442 autem,
2020 1405 2108 1434 cum
2136 1393 2231 1433 scri-

213 1456 384 1496 bendum
411 1468 497 1497 esse
525 1457 544 1506 ἡ
572 1457 653 1507 τύχη
679 1462 721 1505 τῇ
750 1457 844 1507 φήμη
871 1462 1119 1508 proponeret,
1148 1459 1253 1497 haud
1280 1458 1359 1498 scio
1387 1469 1439 1497 an
1465 1463 1612 1498 temere
1631 1458 1750 1497 Ficini
1779 1457 2143 1506 interpretationem
2171 1467 2231 1495 se-

214 1524 327 1559 cutus
355 1521 418 1559 sit.
473 1521 765 1568 Stallbaumius,
795 1522 862 1569 qui
891 1532 977 1560 cum
997 1521 1224 1561 Heindorfio
1252 1522 1381 1568 verba,
1410 1522 1619 1571 dequibus
1648 1522 1884 1570 quaerimus,
1912 1532 2000 1559 cum
2028 1520 2100 1567 eis,
2129 1530 2231 1568 quae

213 1584 387 1632 proxime
407 1584 656 1631 antecedunt,
685 1585 899 1633 coniungit,
928 1585 984 1624 sic
1012 1585 1244 1624 sententiam
1271 1584 1460 1633 explicat:
1501 1585 1629 1634 quod
1669 1583 1852 1623 fecerit
1892 1583 2080 1632 aliquis
2121 1593 2231 1622 con-

215 1645 368 1693 sulto,
398 1645 484 1694 qui
512 1646 805 1686 vocabulum
832 1646 1115 1689 ταλάντατος
1143 1647 1417 1687 obscurare
1450 1651 1500 1687 et
1533 1647 1772 1696 obtegere
1807 1646 1951 1694 velit,
1980 1650 2032 1684 ut
2058 1656 2147 1695 pro
2175 1656 2230 1684 eo

214 1708 347 1747 dicat
385 1707 622 1755 τάνταλον,
665 1709 790 1748 idem
831 1708 1005 1749 famam
1046 1710 1231 1750 fecisse
1269 1710 1493 1750 fortuito.
1531 1722 1635 1750 nam
1663 1711 1681 1758 ἡ
1709 1709 1813 1759 τύχη
1853 1713 1931 1757 τῆς
1971 1708 2117 1757 φήμης
2153 1713 2231 1747 est

214 1771 567 1822 forsquaedam
594 1772 764 1813 famae.
819 1785 953 1814 verum
995 1773 1148 1814 etiamsi
1181 1773 1334 1814 fabulas
1353 1774 1572 1824 antiquitus
1600 1774 1766 1814 traditas
1794 1777 1969 1823 tempore
1996 1772 2229 1822 procedente

213 1835 441 1884 amplificari
469 1841 589 1885 atque
617 1838 796 1876 exornari
825 1838 921 1876 satis
950 1841 1114 1885 constat,
1158 1841 1285 1876 tamen
1331 1837 1466 1876 itidem
1507 1848 1602 1877 casu
1643 1842 1684 1876 et
1724 1836 1890 1876 fortuito
1929 1836 2014 1875 fieri
2041 1837 2229 1885 potuisse,

213 1902 258 1938 ut
285 1899 474 1956 Tantalus
502 1912 642 1939 nomen
671 1912 785 1940 suum
813 1901 1015 1950 acciperet,
1044 1912 1092 1940 ex
1112 1900 1285 1941 Platonis
1304 1901 1500 1941 sententia
1518 1901 1741 1950 negandum
1761 1912 1847 1940 esse
1879 1900 2066 1940 existimo.
2122 1910 2228 1939 nam-

215 1974 291 2012 que
319 1962 393 2004 hac
419 1964 663 2013 potissimum
691 1964 837 2014 dialogi
877 1968 989 2014 parte
1024 1965 1204 2005 Socrates
1245 1969 1383 2004 contra
1410 1965 1694 2015 Hermogenem
1735 1964 1941 2014 disputans
1982 1963 2021 2003 id
2049 1963 2150 2013 agit,
2185 1966 2229 2002 ut

214 2026 369 2065 nomina
397 2037 475 2065 non
512 2038 580 2075 pro
619 2027 779 2066 libidine
817 2027 992 2077 (ξυνθήκῃ,
1021 2028 1201 2077 ὁμολογίᾳ)
1229 2028 1296 2066 sed
1324 2032 1491 2067 naturae
1518 2028 1793 2067 convenienter
1821 2026 1984 2066 conficta
2011 2038 2097 2065 esse
2124 2037 2227 2065 com-

211 2088 360 2138 probet„
424 2090 538 2139 longe
578 2090 696 2130 aliam
738 2091 956 2139 explicandi
996 2091 1099 2130 viam
1139 2090 1350 2131 Muellerus
1392 2091 1594 2141 ingressus
1636 2095 1708 2139 est,
1737 2091 1804 2140 qui
1832 2092 1870 2130 in
1899 2090 2150 2129 adnotatione
2176 2089 2227 2128 ad

211 2152 509 2192 translationem
551 2165 660 2193 suam
687 2165 723 2202 p.
749 2152 839 2193 671.
869 2155 1014 2204 scripta
1042 2154 1061 2203 ὴ
1088 2153 1170 2204 τύχη
1196 2158 1255 2202 τῆς
1282 2153 1396 2203 φήμης
1436 2154 1555 2195 verba
1596 2154 1699 2194 idem
1743 2154 1873 2193 valere
1900 2156 2034 2193 censet
2060 2156 2180 2202 atque
2208 2152 2228 2200 ἡ

211 2215 294 2264 τύχη
320 2211 427 2253 αὐτοῦ
447 2217 544 2266 (scil.
563 2217 734 2266 Tantali)
763 2216 840 2254 οἵαν
861 2213 966 2266 αὐτὴν
994 2220 1094 2266 δηλοῖ
1115 2219 1135 2266 ὴ
1163 2217 1266 2267 φήμη.
1321 2224 1363 2258 at
1391 2231 1546 2265 vereor,
1575 2222 1620 2257 ut
1645 2218 1718 2258 sub
1748 2217 1907 2257 Graecis
1943 2216 2071 2256 verbis
2098 2216 2119 2263 ἡ
2144 2215 2227 2264 τύχη

213 2281 273 2326 τῆς
300 2278 413 2327 φήμης
440 2279 521 2328 illa,
550 2291 668 2329 quam
695 2280 909 2320 Muellerus
937 2281 1034 2330 vult,
1064 2282 1256 2322 sententia
1288 2282 1416 2332 spissa
1443 2282 1725 2331 quodammodo
1762 2286 1801 2321 et
1839 2281 1936 2320 uber
1964 2291 2132 2329 usquam
2159 2290 2226 2319 su-

212 2340 340 2380 biecta
359 2353 445 2381 esse
463 2343 607 2391 possit;
629 2354 865 2392 quamquam
884 2356 907 2383 a
927 2344 1159 2383 Germanico
1178 2356 1353 2384 sermone
1381 2346 1570 2384 eiusmodi
1598 2344 1946 2393 breviloquentiam
1975 2354 2226 2391 nequaquam

214 2403 426 2445 abhorrere
454 2417 530 2445 non
571 2406 720 2456 ignoro.
774 2407 814 2447 in
842 2420 888 2447 eo
915 2412 1046 2447 autem
1073 2409 1260 2449 Muellero
1288 2420 1450 2457 prorsus
1486 2409 1695 2456 adsentior,
1739 2408 1841 2457 quod
1881 2406 1982 2456 τύχην
2022 2406 2227 2447 adversam

212 2465 367 2505 Tantali
393 2466 590 2507 fortunam
619 2468 839 2519 significare
866 2474 990 2520 putat.
1046 2482 1173 2520 neque
1210 2470 1324 2510 aliter
1364 2472 1609 2520 Excerpta
1637 2483 1692 2511 ex
1721 2470 1887 2509 Procli
1915 2469 2135 2520 ‘scholiis
2176 2469 2226 2507 in

214 2531 466 2581 Gratylum
496 2534 724 2573 Platonis
752 2535 887 2573 edita
914 2547 939 2576 a
967 2536 1038 2574 Fr.
1065 2535 1392 2575 Boissonadio
1429 2537 1601 2585 (Lipsiae
1629 2535 1747 2583 1820)
1774 2534 1875 2582 τύχην
1901 2535 2226 2583 interpretantur,

213 2594 357 2642 quippe
385 2606 484 2643 quae
512 2595 563 2644 37'
600 2608 636 2645 p.
665 2596 714 2634 51
743 2598 794 2636 ad
822 2597 997 2636 Platonis
1025 2597 1157 2646 verba,
1185 2598 1233 2637 de
1261 2598 1403 2646 quibus
1433 2599 1666 2648 quaerimus,
1693 2598 1790 2637 haec
1810 2597 1972 2636 habent:
1995 2591 2070 2634 Ὅτι
2098 2593 2139 2633 τὸ
2166 2594 2228 2644 μὲν

213 2652 505 2706 ιιποκληρωθῆναι
531 2663 580 2706 τῷ
607 2663 730 2706 τοιῷδε
756 2660 820 2710 βίω
846 2658 887 2698 τὸ
922 2665 1078 2698 τοιοῦτον
1104 2658 1225 2710 ὄνομα,
1265 2665 1328 2710 τῆς
1352 2661 1453 2710 τύχης
1493 2662 1597 2711 ἔργον,
1625 2659 1666 2699 τὸ
1694 2659 1731 2699 δὲ
1771 2665 1941 2708 κρατῆσαι
1984 2664 2088 2698 τοῦτο
2127 2673 2225 2709 παρα

214 2723 333 2764 πᾶσιν,
361 2723 422 2768 τῆς
449 2720 791 2771 ceim1;.Proclus
818 2723 941 2773 igitur
959 2735 1037 2762 non
1066 2735 1183 2763 unam
1203 2724 1413 2774 notionem,
1434 2736 1535 2775 quae
1563 2728 1623 2764 est
1651 2725 1669 2773 ἡ
1696 2723 1779 2772 τύχη
1805 2728 1867 2771 τῆς
1885 2722 2009 2772 φήμης,
2030 2723 2101 2762 sed
2128 2722 2226 2761 duas

214 2795 388 2823 seorsum
415 2787 537 2833 ponit,
567 2798 733 2835 quarum
761 2788 896 2834 altera,
924 2788 943 2835 ἦ
969 2786 1061 2836 τύχη,
1082 2787 1236 2827 Tantali
1263 2789 1429 2829 nominis
1457 2790 1657 2839 originem,
1685 2790 1821 2836 altera,
1850 2789 1868 2835 ἡ·
1897 2787 2001 2836 φήμη,
2030 2787 2105 2828 hoc
2123 2787 2226 2828 idem

1970 2849 1991 2882 ·2
