2597 3316
314 991 876 1090 Observationes
932 986 1229 1073 criticae
1283 991 1365 1072 in
1418 989 1747 1074 Platonis
1802 990 2199 1099 Cratylum.

1130 1146 1239 1153 mm
1244 1146 1377 1154 mamm

386 1224 535 1263 Paucos
568 1223 777 1272 scriptores
805 1223 976 1263 Graecos
1017 1227 1099 1262 tam
1140 1223 1366 1263 emendatos
1395 1233 1511 1271 quam
1530 1222 1732 1262 Platonem
1761 1223 1876 1262 hodie
1903 1223 2080 1271 legimus.
2108 1227 2266 1263 exstant

263 1286 364 1325 enim
401 1286 451 1326 ad
488 1287 712 1325 contextum
749 1285 864 1325 huius
900 1285 1101 1335 scriptoris
1135 1285 1416 1327 recensendum
1450 1296 1538 1325 cum
1571 1285 1756 1334 permulti
1797 1288 1880 1325 tum
1917 1289 1958 1324 et
1992 1289 2190 1326 vetustate
2226 1290 2267 1327 et

260 1350 437 1390 bonitate
475 1348 537 1388 vel
579 1348 745 1388 maxime
785 1349 1043 1388 commendati
1082 1348 1173 1389 libri
1218 1360 1332 1388 manu
1373 1347 1528 1397 scripti,
1557 1348 1661 1387 inter
1701 1359 1799 1397 quos
1841 1347 2165 1388 Clarkianum
2205 1348 2267 1389 vel

261 1412 582 1452 Bodleianum
611 1411 698 1460 (Ξῖ),
727 1411 914 1460 scriptum
941 1411 1052 1450 illum
1095 1410 1250 1460 quidem
1290 1422 1392 1450 anno
1433 1408 1754 1460 octingentesimo
1798 1412 2051 1460 nonagesimo
2092 1416 2202 1451 sexto
2230 1424 2267 1461 p.

261 1475 349 1515 Chr.
377 1486 431 1522 n.‚
459 1474 794 1513 Parisiensem
822 1475 989 1523 primum
1009 1475 1091 1525 (A),
1120 1485 1235 1523 quem
1262 1473 1464 1514 Bekkerus
1492 1473 1718 1520 (Commeat.
1746 1474 1830 1513 crit.
1855 1474 1896 1512 in
1924 1474 2023 1514 Plat.
2052 1473 2089 1514 1.
2118 1487 2154 1524 p.
2180 1475 2267 1521 IX)

261 1548 395 1576 omnes
416 1537 539 1581 ,etiam
566 1537 716 1576 altioris
745 1537 953 1576 vetustatis
973 1540 1087 1576 notas
1114 1536 1260 1576 habere
1287 1539 1469 1585 testatur,
1488 1536 1849 1575 Coislinianum
1878 1538 1947 1586 (Γ)
1976 1541 2016 1576 et
2034 1537 2266 1577 Vaticanum

261 1603 328 1646 (Δ)
357 1599 503 1649 primas
531 1602 667 1638 tenere
694 1599 796 1638 inter
821 1599 996 1638 homines
1024 1599 1156 1639 doctos
1175 1602 1337 1638 constat.
1367 1599 1517 1639 accedit
1535 1599 1640 1648 quod
1667 1599 1892 1646 FicinuS,
1913 1610 2014 1648 quae
2041 1599 2116 1638 fuit
2134 1600 2267 1649 singu-

260 1663 355 1704 laris
381 1663 497 1703 huius
516 1662 589 1703 viri
609 1662 801 1713 sagacitas
829 1666 869 1702 et
886 1662 1154 1713 philosophiae
1172 1663 1393 1704 Platonicae
1412 1662 1683 1713 intelligentia,
1711 1663 2034 1712 interpretatione
2054 1674 2127 1703 sua
2144 1663 2268 1704 latina

261 1725 366 1765 haud
399 1736 490 1764 raro
518 1725 611 1774 quid
639 1726 691 1764 sit
718 1725 968 1765 statuendum
1002 1726 1042 1764 in
1070 1726 1163 1765 locis
1205 1724 1331 1764 dubiis
1370 1729 1577 1766 monstrat.
1650 1725 1793 1775 quibus
1834 1726 1990 1774 quidem
2030 1726 2152 1775 copiis
2192 1726 2268 1765 etsi

262 1791 296 1829 J.
324 1790 527 1830 Bekkerus
555 1793 596 1829 et
624 1789 690 1838 qui
719 1794 807 1838 post
833 1789 936 1828 hunc
963 1790 1165 1829 Platonem
1195 1790 1408 1838 ediderunt,
1437 1790 1483 1829 G.
1512 1789 1813 1830 Stallbaumium
1849 1790 1936 1829 dico
1973 1794 2013 1828 et
2039 1790 2267 1829 Turicenses

263 1857 303 1892 et
331 1853 371 1893 C.
398 1853 462 1892 Fr.
491 1852 777 1901 Hemannum,
820 1852 1020 1902 ingeniose
1061 1856 1181 1902 atque
1221 1852 1417 1892 subtiliter
1457 1852 1519 1892 usi
1563 1855 1675 1902 sunt,
1711 1855 1842 1892 tamen
1869 1852 1983 1891 multi
2011 1855 2165 1892 restant
2190 1851 2265 1892 loci

264 1917 446 1963 corrupti,
477 1927 574 1964 quos
602 1915 737 1954 critica.
756 1915 1019 1963 coniecturali,
1048 1928 1166 1965 quam
1184 1920 1332 1964 vocant,
1351 1917 1408 1955 ita
1427 1916 1613 1961 adhibita,
1633 1920 1679 1954 ut
1697 1916 1852 1964 singula
1871 1927 2060 1964 quaeque,
2080 1919 2122 1954 et
2147 1914 2266 1953 verba

263 1981 303 2018 et
330 1978 618 2019 enuntiationes
646 1980 686 2017 et
712 1977 993 2018 sententiarum
1020 1978 1194 2019 ordinem
1221 1978 1376 2028 penitus
1403 1981 1609 2029 perspecta
1635 1977 1792 2027 habeas,
1820 1977 1970 2018 mendis
1998 1988 2154 2027 purges.

390 2041 476 2081 Non
504 2040 579 2080 fuit
605 2045 736 2081 autem
757 2041 891 2081 eadem
919 2042 1093 2081 omnium
1111 2042 1352 2091 dialogorum
1381 2053 1481 2082 sors:
1510 2042 1598 2083 aliis
1618 2042 1719 2082 enim
1747 2046 1788 2081 et
1806 2042 1854 2081 iis
1876 2041 2032 2091 quidem
2060 2040 2265 2090 imprimis,

265 2105 331 2152 qui
360 2105 399 2143 in
427 2105 569 2144 scholis
596 2104 675 2153 legi
703 2104 849 2146 solent,
877 2105 1088 2143 identidem
1117 2108 1157 2143 et
1183 2105 1441 2153 interpretum
1469 2109 1509 2144 et
1536 2106 1730 2144 editorum
1757 2115 1876 2142 curae
1903 2104 2146 2151 obtigerunt,
2175 2104 2264 2142 aliis

264 2179 340 2207 non
368 2166 603 2217 obligerunt.
670 2167 799 2216 Atque
828 2167 975 2218 Cratyli
1003 2167 1160 2216 quidem
1189 2170 1355 2211 textum,
1397 2179 1512 2216 quem
1540 2168 1686 2216 dicunt,
1714 2166 1967 2207 multifariam
1995 2165 2264 2215 depravatum,

265 2231 331 2280 qui
350 2230 553 2270 emendare
572 2229 787 2279 studerent,
807 2231 991 2282 perpauci
1010 2230 1114 2281 quod
1147 2230 1265 2270 sciam
1292 2234 1382 2280 post
1409 2230 1589 2280 editores,
1617 2241 1714 2280 quos
1744 2228 1948 2274 nominavi,
1975 2227 2120 2278 reperti
2148 2231 2263 2277 sunt;

265 2304 498 2341 quamquam
527 2294 727 2341 quaestio,
765 2294 959 2341 quodnam
986 2294 1038 2331 sit
1064 2294 1180 2331 huius
1208 2293 1353 2342 dialogi
1372 2297 1663 2343 -argumentum
1701 2297 1820 2341 atque
1858 2292 2082 2336 consilium,
2110 2302 2158 2329 ex
2186 2302 2264 2339 quo

264 2356 406 2394 veteris
433 2355 701 2404 philosophiae
729 2355 900 2394 studium
927 2356 991 2394 Fr.
1021 2356 1370 2395 Schleiermachero
1399 2360 1440 2394 et
1461 2357 1549 2395 Chr.
1570 2355 1775 2395 Brandisio
1803 2353 1925 2392 facem
1952 2352 2265 2401 praeferentibus

265 2418 443 2458 renovari
485 2421 664 2468 coeptum
705 2422 783 2469 est,
821 2417 960 2458 mirum
988 2421 1085 2467 quot
1111 2417 1310 2459 hominum
1337 2418 1650 2459 doctissimorum
1684 2416 1925 2468 diligentiam
1953 2419 2073 2465 atque
2100 2426 2264 2456 acumen

264 2482 447 2520 exercuit.
497 2481 638 2529 Quare,
666 2482 698 2520 si
718 2482 759 2521 in
777 2482 928 2531 aliquot
946 2481 1092 2531 Cratyli
1119 2481 1223 2521 locos
1250 2486 1467 2531 temporum
1485 2481 1628 2521 iniuria
1646 2483 1849 2530 corruptos
1877 2480 2100 2519 coniectura
2127 2489 2263 2519 emen·

265 2544 413 2584 dandos
442 2557 599 2594 operam
627 2558 764 2593 meam,
798 2545 927 2594 quoad
955 2545 1038 2584 eius
1066 2544 1191 2585 facere
1224 2558 1389 2595 possum,
1417 2547 1671 2596 insumpsero,
1703 2545 1765 2584 vix
1794 2544 1886 2594 erit,
1907 2544 1972 2593 qui
2001 2556 2062 2582 me
2081 2542 2263 2583 cramben

265 2609 471 2657 repetiisse
498 2609 656 2649 iudicet.

391 2672 512 2712 Doleo
540 2676 685 2721 autem,
714 2672 817 2722 quod
846 2671 939 2711 mihi
958 2671 1113 2720 copiosa
1139 2671 1326 2712 librorum
1356 2672 1536 2722 quisunt
1562 2674 1610 2713 de
1628 2672 1803 2712 Platonis
1832 2667 1996 2721 dialogis
2025 2670 2264 2720 supellectile

266 2735 477 2775 carendum
505 2741 577 2785 est,
607 2748 683 2786 qua
712 2737 778 2786 qui
806 2739 972 2776 utuntur
999 2747 1086 2775 cum
1114 2734 1264 2776 facilius
1292 2736 1341 2776 ab
1361 2737 1559 2777 erroribus
1587 2740 1820 2776 revocantur
1846 2739 1930 2774 tum
1958 2734 2196 2774 fructuosius
2223 2733 2264 2773 in

2018 2797 2032 2829 1
