2597 3316
1185 264 1261 333 13-

201 401 297 431 sona
325 388 456 428 aliena
483 399 569 427 esse
596 387 774 435 sentiret,
802 387 965 427 licenter
994 388 1128 428 vertit:
1174 389 1288 429 volo
1330 393 1488 428 tamen
1530 387 1688 427 adhuc
1716 417 1725 424 .
1753 417 1762 426 .
1791 384 2130 426 necessarium
2172 387 2219 424 et

198 450 548 494 voluntarium
578 449 859 499 declarari,
887 450 1066 502 neglecto
1094 450 1274 493 videlicet
1302 454 1507 501 διαπερᾶναι
1535 449 1726 491 infinitivo
1754 449 1893 490 activo.
1948 458 2071 499 quare
2098 446 2219 489 Stall-

197 515 375 556 baumius
404 517 445 554 et
472 514 723 554 Hermannus
751 514 829 552 illis
857 514 1000 562 verbis,
1029 526 1128 564 quae
1148 519 1260 552 ταῦτα
1287 513 1351 564 ἤδη
1368 529 1427 564 μοι,
1455 517 1577 559 δοκεῖς,
1606 511 1635 551 ὦ
1653 512 1849 561 Σώκρατες,
1868 511 2062 560 πυκνότερα
2080 510 2217 560 ἐπάγειν

197 579 444 619 enuntiatum
473 578 684 627 excipiunt,
713 578 942 626 rectissime,
971 579 1045 618 nisi
1073 578 1202 627 fallor,
1231 579 1432 620 Socratem
1468 578 1620 618 faciunt
1657 588 1781 616 usum.
1836 587 1973 615 verum
2010 579 2143 614 tamen
2178 575 2218 614 in

197 641 459 683 controversia
485 643 527 680 et
553 643 750 680 versatum
778 644 818 680 et
845 632 1025 681 relictum
1052 646 1125 690 est,
1153 642 1249 691 quid
1277 641 1353 681 sibi
1374 642 1469 682 velit
1487 641 1586 681 illud
1613 640 1712 682 ulos·
1738 636 1803 688 γὰρ
1831 636 1895 687 ἤδη
1921 641 2011 685 θεῷ.
2066 637 2218 678 codices

200 704 356 755 quidem
375 704 425 743 ad
444 715 564 743 unum
583 714 717 742 omncs
736 704 996 753 consentiunt,
1017 705 1093 743 nisi
1122 705 1228 754 quod
1255 715 1358 745 unus
1377 705 1408 744 F
1426 706 1542 754 isque
1560 715 1586 742 a
1605 715 1723 742 manu
1750 701 1962 742 recentiori
1990 700 2110 740 habet
2127 704 2216 738 θεῶ.

323 769 379 808 Ac
406 766 632 817 Stephanus
660 766 816 816 quidem
845 778 931 806 cum
960 771 1078 807 notae
1105 768 1289 818 loquendi
1316 767 1520 816 formulae,
1550 777 1652 816 quae
1680 769 1741 805 est
1769 762 1831 802 σὺν
1858 768 1934 808 θεῷ
1973 764 2035 804 vel
2071 760 2136 801 σὺν
2171 767 2219 809 τῷ

196 834 272 878 θεῷ
291 830 351 870 vel
372 828 435 868 σὺν
452 834 555 872 θεοῖς
571 829 609 870 11.
628 841 662 869 e.
683 829 756 868 diis
776 828 1007 880 faventibuS‚
1026 830 1154 871 locum
1172 833 1325 871 omnino
1354 843 1432 871 non
1459 842 1546 871 esse
1574 829 1734 877 videret,
1763 828 1927 869 coniecit
1953 828 2003 871 εἰς
2029 826 2127 869 τέλος
2153 824 2219 876 γὰρ

194 893 257 944 ἤδη
283 893 369 940 θέω,
397 905 501 934 nam
529 893 585 932 ad
612 892 764 932 finem
801 893 895 932 iam
924 905 1157 944 proper03
1187 896 1290 945 quod
1319 906 1369 935 an
1397 905 1582 945 graecum
1610 893 1682 939 sit,
1711 893 1795 931 iure
1823 891 2039 932 dubitatur.
2095 890 2219 931 Abre-

195 958 326 999 schius
367 959 406 998 in
436 959 622 999 Auctuar.
663 957 834 1007 Thucyd.
876 969 912 1007 p.
954 956 1032 996 306
1060 958 1259 999 lenissima
1286 970 1382 999 sane
1410 958 1626 998 mutatione
1662 956 1764 997 facta
1806 956 1941 996 scribit
1981 958 2070 1000 θεῶ,
2112 954 2218 1005 quod

195 1023 250 1062 sic
276 1022 579 1071 interpretatur:
622 1018 774 1060 finem
804 1021 913 1068 iam,
942 1032 1146 1070 quaeso,
1174 1022 1366 1072 respice
1394 1033 1422 1061 s.
1450 1022 1649 1071 impone.
1704 1021 1760 1060 ita
1786 1032 1897 1068 vero,
1928 1019 2009 1058 sive
2044 1018 2216 1059 Socratis

197 1086 278 1125 sive
305 1084 566 1134 Hermogenis
594 1094 682 1122 esse
711 1083 831 1123 verba
858 1088 984 1133 putas,
1013 1085 1149 1134 putida
1177 1085 1385 1124 admodum
1412 1090 1531 1134 atque
1559 1084 1708 1124 insulsa
1727 1082 1860 1122 evadit
1877 1082 2090 1122 sententia:
2147 1092 2217 1121 ne-

196 1149 318 1189 scitur
346 1149 460 1196 enim,
500 1152 633 1187 utrum
674 1152 763 1187 utro
806 1148 933 1187 minus
974 1150 1114 1188 deceat
1154 1149 1364 1197 postulare,
1404 1152 1449 1187 ut
1488 1148 1644 1197 dialogo
1672 1147 1831 1187 tandem
1860 1145 1950 1186 finis
1978 1146 2215 1194 imponatur.

196 1210 575 1253 Schleiermacherus
604 1214 735 1250 autem
764 1210 1009 1260 scripturam,
1038 1222 1140 1260 quae
1168 1215 1295 1251 exstat
1332 1212 1372 1251 in
1401 1209 1512 1249 libris
1541 1221 1658 1249 manu
1692 1209 1865 1258 scriptis,
1900 1220 1977 1248 non
2004 1208 2215 1247 immutan-

198 1275 287 1314 dam
316 1285 402 1314 esse
429 1277 540 1313 ratus
568 1274 623 1313 sic
649 1274 955 1322 interpretatur:
983 1274 1054 1313 der
1083 1273 1180 1313 Gott
1207 1274 1301 1324 geht
1328 1274 1426 1314 eben
1456 1285 1505 1312 zu
1534 1273 1643 1312 Ende
1672 1273 1696 1312 i.
1724 1284 1757 1311 e.
1786 1273 1863 1312 iam
1892 1272 1996 1311 enim
2024 1271 2216 1311 instinctu

195 1338 326 1378 divino
354 1335 580 1386 adflatuque
609 1335 770 1375 destitui
800 1340 960 1385 coeptus
989 1347 1086 1376 sum.
1140 1337 1383 1387 ingeniosam
1410 1348 1504 1376 sane
1547 1335 1647 1375 hanc
1689 1335 1965 1385 cogitationem
2009 1345 2086 1373 non
2130 1338 2218 1374 erat

196 1401 301 1452 quod
329 1394 608 1441 Stallbaumius
636 1400 742 1440 hisce
771 1399 900 1440 verbis
927 1399 1176 1449 reprobaret:
1230 1402 1307 1450 qui
1350 1412 1469 1440 saue
1510 1412 1652 1450 quam
1697 1398 1914 1447 frigidus
1956 1399 2099 1438 lusus
2141 1404 2216 1437 est

197 1476 281 1504 nec
307 1463 420 1503 huic
446 1463 553 1503 loco
581 1463 711 1502 satis
741 1463 1162 1502 accommodatus.
1216 1464 1331 1503 immo
1350 1475 1441 1503 vero
1461 1463 1698 1503 facetissime
1719 1462 1900 1502 Socrates
1919 1473 1960 1501 se
1979 1462 2217 1512 Hermogeni

197 1528 352 1568 nimiam
381 1526 420 1566 in
446 1525 685 1575 explicandis
713 1525 910 1565 vocabulis
953 1525 1243 1566 festinationem
1283 1526 1535 1576 exprobranti
1576 1526 1633 1565 ita
1660 1530 1832 1574 excusat,
1863 1530 1908 1564 ut
1937 1535 2023 1564 sese
2052 1526 2129 1564 iam
2158 1524 2218 1564 in·

196 1591 383 1631 stinctum
424 1589 597 1629 divinum
625 1588 791 1630 deficere
820 1589 933 1629 dicat.
987 1600 1115 1639 neque
1144 1602 1235 1629 vero
1263 1590 1325 1630 hic
1366 1593 1518 1629 tantum
1546 1589 1614 1629 sed
1656 1589 1776 1628 etiam
1817 1588 1915 1628 alias
1959 1599 2001 1628 se
2045 1587 2216 1627 numinis

197 1654 366 1705 quodam
393 1652 541 1693 adflatu
569 1652 772 1694 incitatum
800 1651 967 1693 artificia
995 1653 1251 1704 etymologica
1278 1653 1318 1693 in
1349 1652 1519 1693 medium
1549 1651 1726 1702 proferre
1753 1650 1948 1701 adfirmat,
1991 1652 2098 1692 velut
2138 1649 2217 1689 396

197 1718 231 1757 D
258 1715 437 1755 κινδυνεύει
466 1713 526 1754 οὖν
554 1716 650 1763 (scil.
679 1716 956 1767 Euthyphron)
986 1716 1177 1754 ἐνθουσιῶν
1204 1713 1243 1754 οὗ
1269 1716 1375 1764 μόνον
1416 1715 1461 1754 τιὶ
1498 1714 1573 1754 ὦτά
1612 1732 1680 1764 μου
1720 1716 1892 1764 ἐμπλῆσαι
1935 1720 1997 1764 τῆς
2037 1717 2218 1764 δαιμονίας

198 1780 337 1830 σοφίας,
355 1775 446 1818 ἀλλὰ
473 1776 528 1818 καὶ
556 1784 617 1828 τῆς
643 1784 758 1829 ψυχῆς
786 1780 1008 1829 ἐπειλῆφθαι,
1038 1784 1078 1820 et
1104 1779 1183 1819 428
1204 1781 1233 1821 C
1264 1776 1320 1817 καὶ
1348 1776 1419 1828 ἐμοὶ
1448 1779 1502 1824 σύ,
1529 1777 1558 1816 ὧ
1587 1779 1781 1829 Σώκρατες,
1811 1779 1966 1822 ἐπιεικῶς
1984 1780 2099 1829 φαίνει
2125 1778 2216 1817 κατὰ

196 1848 275 1880 νοῦν
301 1845 524 1892 χρησμῳδεῖν,
568 1841 632 1880 εἴτε
674 1839 754 1890 παρ’
801 1838 1033 1891 Εὐθύφρονος
1073 1843 1236 1885 ἐπίπνους
1275 1842 1455 1892 γενόμενος
1496 1841 1563 1879 εἴτε·
1602 1840 1658 1880 καὶ
1686 1841 1772 1890 ἄλλη
1813 1858 1866 1885 τις
1892 1847 2009 1891 μοῦσα
2036 1843 2145 1880 πάλαι
2176 1857 2214 1879 σε

195 1906 321 1944 ἐνοῦσα
349 1904 515 1954 ἐλελήθει.
570 1906 741 1955 proxime
770 1911 900 1946 autem
928 1906 977 1946 ad
1007 1905 1353 1947 Schleiermacheri
1381 1907 1747 1956 interpretationem
1775 1906 1975 1954 accedunt,
2014 1918 2115 1956 quae
2143 1904 2215 1947 So-

197 1973 323 2011 crates
350 1981 388 2019 p.
415 1967 494 2007 409
521 1969 556 2008 D
585 1969 634 2008 de
661 1973 731 2017 πῦρ
760 1970 948 2009 vocabulo
977 1969 1176 2009 haesitans
1206 1970 1442 2020 Hermogeni
1472 1967 1702 2018 respondet:
1739 1966 1794 2006 καὶ
1823 1968 2001 2007 κινδυνεύει
2029 2000 2039 2009 .
2068 2001 2077 2009 .
2106 1970 2125 2018 ἡ
2153 1974 2214 2008 τοῦ

197 2027 428 2081 Εὐθύφρονός
453 2046 497 2080 με
523 2035 640 2080 μοῦσα
669 2031 928 2070 ἐπιλελοιπέναι.
985 2043 1107 2082 quare
1126 2033 1275 2072 etiamsi
1296 2032 1479 2073 Socrates
1507 2031 1601 2072 alibi
1628 2035 1682 2082 (p.
1701 2031 1779 2071 399
1802 2034 1850 2079 A)
1879 2032 1929 2072 ab
1957 2032 2211 2084 Eutyphrone

197 2096 387 2134 monitum
415 2107 456 2134 se
484 2098 603 2143 atque
631 2094 856 2142 impulsum,
885 2099 925 2142 τῇ
953 2099 1015 2132 τοῦ
1045 2092 1275 2145 Εὐθύφρονος
1302 2097 1473 2146 ε’πιπνοιξι,
1503 2100 1584 2136 tam
1620 2096 1720 2135 mira
1746 2107 1907 2134 narrare
1950 2096 2067 2135 animi
2095 2107 2212 2135 causa

197 2157 421 2204 contendat,
451 2160 496 2196 ut
523 2157 735 2196 verendum
755 2158 816 2203 sit,
837 2158 911 2196 nisi
941 2163 1089 2204 caveat,
1108 2170 1156 2198 ne
1176 2159 1392 2208 sapientior
1420 2170 1537 2207 quam
1556 2157 1615 2197 fas
1635 2157 1687 2196 sit
1706 2156 1789 2197 fieri
1809 2157 1998 2203 videatur,
2020 2157 2212 2198 Schleier-

197 2221 403 2262 macherus
431 2224 471 2260 et
498 2220 566 2270 qui
594 2220 710 2260 huius
739 2221 930 2260 rationem
959 2232 1123 2262 assensu
1151 2233 1221 2261 suo
1249 2221 1517 2272 comprobavit
1544 2222 1789 2261 Hermannus
1821 2221 1856 2260 h.
1883 2221 1907 2260 1.
1935 2220 2039 2260 haud
2068 2225 2213 2262 temere

198 2296 270 2325 nec
296 2285 444 2324 insulse
472 2283 519 2323 de
547 2284 736 2324 instinctu
766 2285 898 2324 divino
926 2286 1208 2335 cogitaverunt.
1260 2296 1363 2334 quae
1382 2297 1468 2325 cum
1498 2286 1555 2324 ita
1582 2285 1671 2332 sint,
1692 2284 1764 2323 hoc
1784 2288 1911 2324 tamen
1934 2296 2055 2324 unum
2083 2284 2212 2325 obstat

198 2347 405 2398 quominus
433 2347 637 2392 assentiar.
667 2347 772 2398 quod
801 2347 894 2387 mihi
924 2349 1160 2398 persuadere
1188 2360 1264 2389 non
1293 2359 1453 2399 possum
1481 2347 1690 2395 Socratem,
1732 2348 1764 2387 si
1793 2347 1948 2398 quidem
1991 2347 2110 2388 etiam
2139 2348 2214 2389 hoc

198 2410 284 2452 loco
311 2411 575 2461 sophistarum
604 2412 836 2461 sapientiam
864 2412 1028 2453 irridere
1056 2414 1228 2453 animum
1255 2412 1485 2461 induxisset,
1524 2412 1564 2451 id
1592 2412 1689 2451 adeo
1728 2416 1831 2452 tecta
1861 2417 1901 2452 et
1942 2412 2109 2452 obscura
2156 2414 2214 2453 rei

200 2474 484 2525 significatione
511 2474 708 2515 facturum
737 2475 868 2515 fuisse.

326 2536 576 2578 Heindorfius
604 2548 695 2577 vero
724 2538 918 2588 quomodo
946 2538 1049 2579 hunc
1075 2539 1215 2588 locum,
1242 2539 1282 2578 in
1311 2550 1389 2588 quo
1416 2540 1594 2580 lacunam
1629 2539 1798 2589 plurium
1835 2538 2044 2579 verborum
2084 2540 2214 2581 inesse

200 2601 394 2650 opinatur,
420 2601 554 2641 multis
582 2601 710 2642 verbis
738 2602 883 2642 additis
910 2602 1198 2643 restituendum
1224 2603 1485 2652 proposuerit,
1513 2604 1671 2653 longum
1699 2607 1760 2642 est
1778 2602 1923 2643 referre
1944 2614 1990 2644 ac
2008 2604 2213 2654 persequi3

200 2674 326 2713 neque
354 2663 510 2705 omnino
537 2663 652 2705 homo
680 2664 928 2706 doctissimus
956 2664 997 2705 id
1023 2676 1142 2716 agere
1168 2664 1335 2716 videtur,
1363 2669 1408 2707 ut
1449 2665 1543 2716 quid
1571 2665 1683 2706 Plato
1724 2676 1863 2706 revera
1904 2665 2103 2717 scripserit
2146 2667 2214 2707 sed

200 2726 294 2775 quid
321 2727 491 2766 scribere
518 2729 689 2777 potuerit
716 2728 864 2768 doceat.
921 2728 1200 2768 Stallbaumius
1228 2728 1415 2778 denique:
1444 2741 1529 2779 ego,
1557 2730 1696 2778 inquit,
1738 2729 1998 2769 lenissima
2052 2735 2217 2769 muta-

201 2788 340 2829 tione
368 2789 693 2831 scribendum
723 2790 838 2831 duxi
865 2790 963 2834 ulos·
989 2788 1055 2841 γὰρ
1082 2789 1143 2840 ἤδη
1169 2789 1265 2829 θέλω
1291 2803 1343 2834 sc.
1384 2791 1531 2841 ἐπάγειν.
1583 2791 1714 2841 quod
1756 2798 1944 2833 temere
1986 2797 2062 2833 est
2102 2805 2216 2834 cor-
