2597 3316
1277 298 1303 338 8

271 434 412 465 nomen
439 422 587 473 ubique
614 423 790 463 locorum
817 420 1061 462 increbuisse
1090 422 1276 462 declarat.
1330 433 1428 472 quas
1457 422 1614 472 quidem
1650 422 1749 461 duas
1787 433 1849 462 res
1877 423 1918 462 in
1952 427 2060 464 recta
2094 424 2293 465 nominum

269 486 424 527 ratione
443 486 676 536 spectandas
695 496 782 525 esse
799 484 914 525 Plato
934 485 1018 534 ipse
1038 485 1156 535 paulo
1175 488 1268 525 ante
1296 484 1392 532 (394
1420 486 1471 533 E)
1498 489 1714 534 monuerat,
1744 485 1812 525 ubi
1840 485 2040 527 Socratem
2068 487 2117 527 de
2144 488 2295 528 Orestis

269 550 426 591 nomine
454 549 510 590 Sic
538 549 805 599 disputantem
834 547 946 588 facit:
1001 542 1120 596 ὥσπερ
1148 563 1183 597 γε
1210 544 1266 585 καὶ
1293 544 1455 597 'Opto-tm
1481 578 1490 586 .
1518 578 1528 588 .
1555 546 1736 585 κινδυνεύει
1773 543 1895 596 ὀρθῶς
1922 549 2017 598 ἔχειν,
2046 547 2113 588 εἴτε
2136 565 2189 593 τις
2215 550 2298 599 τύχη

269 612 376 651 ἔθετο
401 608 498 660 αὐτῷ
525 610 567 650 τὸ
595 609 705 660 ὄνομα
732 608 800 648 εἴτε
826 606 883 648 καὶ
911 609 1053 658 ποιητής
1079 625 1142 653 τις.
1195 610 1331 661 itaque
1348 622 1426 651 non
1446 610 1593 656 dubito,
1623 610 1719 660 quin
1747 610 1947 651 lenissima
1967 612 2177 653 verborum
2195 623 2297 662 quae

269 679 429 714 exstant
455 675 497 714 in
525 674 723 714 codicibus
752 673 971 712 mutatione
998 672 1105 712 facta
1132 672 1380 713 scribendum
1408 674 1480 712 sit:
1521 672 1679 710 τοιοῦτόν
1706 688 1737 710 τι
1765 670 1821 710 καὶ
1849 673 1961 721 τούτῳ
1986 673 2028 711 τὸ
2056 673 2167 722 ὄνομα
2194 675 2298 713 ἔοικεν

270 737 451 787 ἐκπορίσαι
479 737 500 785 ἡ
526 735 609 786 τύχη
636 734 656 785 ἥ
683 750 736 778 τις
763 734 869 785 φήμη.

396 928 572 969 Heroum
600 926 766 966 nominis
794 925 985 976 originem
1013 928 1059 965 ut
1086 924 1263 975 explicet,
1304 925 1486 966 Socrates
1527 924 1587 964 his
1626 922 1755 964 verbis
1784 924 1928 965 utitur:
1982 924 2110 969 πάντες
2138 926 2235 976 (scil.
2265 926 2299 964 οἱ

271 987 395 1065 ἥρωες)
424 990 535 1040 δήπου
562 990 740 1041 γεγόνασιν
767 989 981 1040 ἐρασθέντος
1007 983 1027 1037 ἢ
1055 993 1145 1027 θεοῦ
1173 992 1303 1037 θνητῆς
1330 984 1350 1037 ἢ
1368 991 1499 1036 θνητοῦ
1526 991 1629 1030 θεᾶς.
1682 985 1743 1025 ἐὰν
1768 985 1829 1025 οὖν
1848 992 1982 1036 σκοπῇς
2008 985 2187 1027 καὶτοῦτο
2204 986 2295 1027 κατὰ

274 1053 335 1103 τὴν
359 1050 514 1101 Ἀττικὴν
540 1052 602 1101 τὴν
628 1051 783 1091 παλαιὰν
812 1050 938 1101 φωνὴν,
973 1054 1106 1100 μᾶλλον
1133 1050 1227 1089 εἴσει·
1255 1052 1399 1099 δηλώσει
1439 1049 1503 1100 γάρ
1530 1064 1596 1095 σοι,
1637 1045 1690 1087 ὅτι
1717 1048 1815 1098 παρὰ
1853 1049 1895 1087 τὸ
1934 1054 1996 1087 τοῦ
2024 1051 2149 1099 ἔρωτος
2176 1050 2297 1099 ὄνομα,

269 1112 357 1156 ὅθεν
384 1115 560 1166 γεγόνασιν
589 1131 621 1153 οι
649 1110 767 1165 ἥρωες,
796 1112 939 1164 σμικρὸν
966 1114 1180 1164 παρηγμένον
1206 1112 1298 1153 ἐστὶν
1334 1110 1553 1163 ὀνόματος
1593 1112 1701 1163 χάριν.
1755 1113 1831 1153 etsi
1874 1125 2061 1163 quorsum
2101 1114 2297 1163 pertineat

269 1180 343 1222 hoc
370 1180 454 1220 loco
482 1178 613 1230 prisca
632 1179 853 1219 Atticorum
871 1176 1075 1224 dialectuS,
1094 1177 1268 1218 nondum
1295 1177 1536 1219 illustratum
1564 1176 1628 1225 sit,
1656 1180 1788 1217 tamen
1808 1170 1898 1225 ἥρως
1917 1176 2086 1218 nominis
2105 1176 2295 1228 originem

269 1244 320 1284 ab
358 1243 443 1293 ἔρως
485 1243 672 1282 vocabulo
714 1241 918 1291 paululum
958 1244 1109 1280 mutato
1139 1241 1225 1280 duci
1252 1241 1427 1290 adparet.
1479 1245 1521 1280 at
1549 1240 1772 1290 quaeritur,
1813 1251 1914 1289 quae
1942 1241 2000 1279 vis
2028 1240 2101 1280 sub
2128 1236 2298 1288 ὀνόματος

269 1306 366 1357 χάριν
384 1306 515 1347 verbis
535 1305 711 1346 subiecta
739 1305 800 1345 sit.
854 1302 1107 1344 Heindorfius
1127 1303 1284 1353 quidem
1308 1304 1594 1353 interpretatur
1621 1306 1675 1343 ut
1702 1303 1886 1343 iustum
1914 1304 2079 1344 exiret
2106 1315 2295 1352 nomen,

270 1369 434 1420 proinde
462 1368 575 1419 quasi
596 1367 706 1417 Ἔρως
734 1379 811 1407 non
839 1367 892 1407 sit
918 1367 1065 1406 iustum
1094 1378 1247 1407 nomen.
1302 1370 1422 1416 atque
1449 1366 1491 1406 C.
1518 1367 1581 1406 Fr.
1610 1367 1859 1407 Hermannus
1888 1378 1976 1407 cum
2004 1362 2175 1415 ὀνόματος
2200 1367 2297 1416 χάριν

270 1434 426 1473 omnino
454 1432 750 1482 explicationem
778 1430 923 1470 habere
950 1434 1078 1480 neget,
1115 1429 1382 1479 αἰνίγματος
1421 1428 1553 1478 χάριν
1594 1429 1740 1478 scribit,
1780 1430 1830 1469 ad
1874 1440 1992 1480 quam
2033 1430 2295 1469 coniecturam

271 1496 571 1537 defendendam:
600 1495 732 1543 malui,
751 1494 893 1543 inquit,
913 1494 1091 1543 quamvis
1109 1493 1248 1534 audaci
1276 1493 1491 1533 mutatione
1509 1493 1549 1532 id
1576 1493 1798 1541 restituere,
1818 1493 1924 1542 quod
1942 1492 2055 1533 Plato
2082 1493 2295 1533 identidem

269 1563 324 1609 (p.
353 1557 430 1597 395
458 1558 492 1598 E
520 1561 560 1598 et
587 1556 665 1596 404
693 1557 739 1604 C)
768 1558 970 1597 nominum
996 1555 1199 1597 fictoribus
1227 1555 1472 1606 propositum
1499 1554 1623 1597 fuisse
1653 1555 1859 1607 significat,
1900 1559 1946 1595 ut
1972 1555 2048 1596 levi
2087 1555 2296 1601 inflexione

273 1622 464 1673 originem
493 1621 729 1669 occulerent,
756 1623 963 1671 poetarum
990 1619 1129 1669 instar,
1158 1619 1225 1670 qui
1252 1619 1389 1660 itidem
1415 1620 1559 1669 passim
1586 1619 1805 1658 αἰνίττεσθαι
1824 1619 1886 1659 vel
1904 1619 2164 1669 αἰνιγματωδῶς
2191 1619 2296 1669 λέγειν

270 1687 470 1727 dicuntur.
524 1697 626 1736 quae
655 1685 855 1734 scriptura
881 1684 1086 1734 ingeniose
1114 1695 1207 1724 sane
1235 1683 1457 1734 excogitata
1483 1688 1523 1723 et
1549 1683 1600 1722 ad
1627 1683 1804 1723 Platonis
1841 1684 1891 1723 de
1919 1684 2110 1723 sermonis
2145 1684 2295 1733 origine

269 1750 488 1790 doctrinam
515 1749 674 1799 egregie
702 1747 937 1788 conveniens
965 1747 1174 1797 quominus
1201 1747 1298 1786 mihi
1325 1746 1525 1796 probetur,
1562 1746 1603 1786 id
1640 1751 1795 1787 tantum
1832 1746 1985 1794 obstat,
2022 1747 2127 1796 quod
2154 1758 2294 1796 parum

270 1813 505 1864 aenigmatis
532 1813 593 1852 vel
623 1812 875 1852 obscuritatis
895 1811 936 1851 in
955 1823 1015 1859 eo,
1045 1822 1125 1860 quo
1154 1810 1202 1851 de
1229 1811 1376 1861 agitur,
1396 1811 1608 1859 veriloquio
1636 1812 1751 1850 inest.
1805 1810 1922 1850 immo
1951 1822 2043 1850 vero
2063 1810 2177 1850 Plato
2206 1821 2293 1850 eam

270 1877 355 1927 ἔρως
383 1882 423 1917 et
450 1870 540 1927 ἥρως
568 1877 768 1916 nominum
796 1886 877 1916 non
904 1875 1007 1916 idem
1036 1874 1320 1915 declarantium
1349 1874 1659 1915 convenientiam
1688 1878 1728 1914 et
1747 1873 2048 1914 consonantiam
2077 1872 2296 1925 significare

270 1942 437 1989 videtur,
465 1944 512 1978 ut
539 1939 704 1987 ὁμώνυμα
732 1940 863 1978 vocari
890 1939 1054 1987 possint.
1109 1939 1214 1986 qnod
1250 1942 1296 1976 ut
1329 1939 1505 1984 credam,
1541 1938 1659 1976 etiam
1688 1938 1744 1976 eis
1772 1938 1969 1984 adducor,
2005 1948 2107 1985 quae
2134 1938 2295 1976 Proclus

269 2003 320 2043 ad
348 2003 452 2044 hunc
479 2003 626 2053 Cratyli
655 2003 783 2043 locum
811 2001 941 2042 adfert
976 2000 1030 2050 ριή
1058 2013 1093 2051 p.
1122 2000 1193 2041 74:
1222 2000 1257 2038 οἱ
1290 2004 1400 2049 μῦθοι
1438 1998 1498 2039 οὖν
1535 1997 1592 2037 διὰ
1630 2004 1691 2048 τῆς
1728 2000 1925 2049 ὁμωνυμίας
1951 1996 2007 2038 καὶ
2035 1996 2081 2038 τὰ
2108 1998 2294 2049 πράγματα

271 2065 558 2116 συγκαλύπτουσι·
593 2063 638 2102 τὰ
674 2063 741 2114 γὰρ
776 2069 921 2102 τοιαῦτα
957 2063 1139 2113 πνεύματα
1176 2063 1341 2112 ὀμώνυμά
1377 2064 1462 2101 εἰσιν
1488 2069 1560 2106 τοῖς
1596 2067 1658 2111 τῆς
1684 2063 1817 2100 ἑαυτῶν
1845 2067 1966 2112 σειρᾶς
1992 2059 2145 2112 ἀρχικοῖς
2172 2063 2295 2105 αἰτίοις

269 2134 380 2171 θεοῖς,
409 2129 463 2166 διό
490 2143 598 2177 φασιν
617 2123 635 2176 ⁷)
665 2125 744 2165 θεοῖ
773 2128 878 2177 (lege
904 2125 1030 2173 θεοὺς)
1058 2132 1205 2175 θνηταῖς
1232 2122 1253 2175 ἢ
1280 2125 1432 2174 θνητοὺς
1458 2132 1564 2170 θεαῖς
1593 2131 1794 2176 συμμιγῆναι
1822 2143 1853 2166 κ.
1880 2142 1911 2165 τ.
1941 2129 1971 2165 λ.

395 2193 535 2241 Itaque
553 2203 625 2241 pro
645 2203 691 2231 eo
710 2190 815 2240 quod
834 2190 985 2230 codices
1004 2190 1152 2231 habent
1178 2186 1348 2239 ὀνόματος
1380 2189 1476 2239 χάριν
1500 2190 1749 2230 scribendum
1780 2201 1866 2229 esse
1894 2189 2072 2229 existimo
2100 2187 2296 2237 ὁμωνυμίας

268 2255 378 2306 χάριν.
432 2256 668 2306 homonyma
695 2258 828 2295 autem
855 2253 939 2304 ἔρως
965 2259 1005 2295 et
1032 2249 1123 2304 ἥρως
1150 2255 1309 2295 nomina
1336 2254 1429 2303 dici,
1471 2254 1616 2294 nemini
1658 2253 1734 2293 erit
1777 2252 1992 2302 offensioni,
2031 2252 2099 2302 qui
2125 2255 2293 2302 reputet,

270 2331 389 2371 quam
416 2330 558 2369 parum
587 2319 701 2359 Plato
730 2319 770 2359 in
798 2319 873 2359 hoc
901 2318 1057 2370 dialogo
1087 2319 1249 2369 spiritus
1278 2319 1408 2368 asperi
1437 2323 1477 2358 et
1495 2318 1596 2358 lenis
1623 2317 1839 2367 itidemque
1867 2317 2059 2357 vocalium
2086 2316 2292 2366 longarum

269 2389 311 2424 et
338 2382 516 2423 brevium
544 2383 888 2423 commutationem
917 2387 1039 2423 curet.
1096 2382 1190 2432 quin
1218 2383 1337 2422 etiam
1357 2383 1440 2431 ipse
1467 2394 1502 2432 p.
1531 2380 1607 2420 399
1636 2382 1691 2421 A:
1733 2385 1871 2430 πρῶτον
1896 2378 1957 2429 μὲν
1984 2377 2060 2430 γὰρ,
2088 2380 2226 2429 inquit,
2254 2377 2295 2417 τὸ

268 2447 401 2485 τοιόνδε
430 2450 485 2485 δεῖ
507 2447 665 2496 ἐννοῆσαι
692 2443 769 2496 περὶ
798 2442 987 2495 ὀνομάτων,
1015 2441 1068 2484 ὅτι
1096 2445 1263 2488 πολλακις
1299 2445 1556 2496 ἐπεμβαλλομεν
1584 2443 1781 2494 γράμματα,
1807 2442 1853 2482 τὰ
1882 2445 1913 2481 δ’
1916 2444 2123 2493 ἐξαιροῦμεν,
2161 2457 2235 2493 παρ
2272 2439 2292 2480 ὁ

268 2510 474 2561 βουλόμεθα
500 2507 735 2559 ὀνομάζοντες,
763 2524 819 2548 και
846 2508 911 2552 τὰς
938 2506 1104 2558 ὀξύτντας
1130 2508 1402 2560 μεταβάλλομεν.

397 2577 450 2614 At
468 2575 611 2614 dixerit
628 2574 796 2614 fortasse
814 2574 1010 2623 quispiam
1038 2573 1216 2621 ὀμωνυμια
1235 2584 1376 2612 nomen
1395 2572 1687 2612 substantivum
1706 2575 1811 2611 teste
1829 2572 1933 2611 Astii
1950 2571 2072 2611 lexico
2091 2571 2291 2611 Platonico

269 2638 310 2678 in
338 2637 516 2678 Platonis
543 2637 655 2678 libris
683 2637 857 2677 nondum
884 2637 974 2687 legi.
1029 2637 1079 2677 ad
1098 2636 1199 2676 hanc
1226 2640 1358 2676 autem
1378 2636 1664 2676 dubitationem
1682 2634 1957 2675 infirmandam
1986 2634 2047 2674 vel
2067 2634 2292 2674 diluendam

270 2702 349 2741 duo
375 2704 480 2746 sunt,
508 2712 608 2750 quae
635 2701 721 2741 iure
749 2699 888 2741 afferre
915 2711 1032 2751 posse
1059 2699 1156 2739 mihi
1183 2700 1326 2739 videor.
1379 2710 1425 2738 ac
1451 2699 1621 2747 primum
1657 2698 1815 2747 quidem
1843 2709 1931 2738 cum
1958 2696 2138 2746 ὁμώνυμος
2164 2697 2292 2737 adiec-

269 2765 392 2805 tivum
419 2764 525 2814 apud
553 2764 719 2804 eundem
747 2776 1031 2813 saepenumero
1059 2763 1293 2814 reperiatur,
1322 2762 1496 2813 profecto
1517 2762 1734 2812 proximum
1762 2767 1824 2802 est
1841 2773 1933 2802 vero
1962 2762 2081 2801 etiam
2109 2760 2291 2801 substan·

269 2827 390 2868 tivum
420 2828 456 2868 ei
484 2827 682 2879 cognitum
710 2827 843 2878 fuisse,
871 2826 1103 2879 praesertim
1124 2837 1211 2867 cum
1238 2827 1317 2866 iam
1336 2826 1568 2867 Aristoteles
1596 2825 1794 2875 ὁμωνυμίας
1812 2829 1852 2866 et
1871 2824 2084 2875 συνωνυμὼις
2111 2824 2288 2866 notiones
