2597 3316
1247 217 1273 259 5

234 335 481 391 paccata&
522 333 761 387 ἀμφότερα
802 337 918 375 εἶναι
959 336 1011 375 τὰ
1053 334 1266 386 ὀνόματα.
1333 338 1388 377 sic
1429 337 1578 378 codices
1620 339 1796 388 plerique
1838 350 1984 386 omnes,
2014 351 2111 389 quos
2139 340 2260 380 etiam

253 402 457 442 Bekkerus
486 401 677 451 sequitur,
706 401 832 441 locum
861 401 1055 441 exhibent.
1125 401 1404 442 Stallbaumius
1445 412 1538 440 vero
1575 405 1615 440 et
1641 402 1891 441 Hermannus
1921 405 2096 441 extrema
2122 402 2258 444 verba.

253 461 416 512 βασιλικὰ
444 459 627 512 ἀμφότερα
656 463 740 501 εἶναι
768 462 813 501 τὰ
841 460 1006 512 ὀνόματα,
1035 476 1122 503 cum
1150 464 1258 503 nullo
1287 464 1442 503 omnino
1477 464 1630 503 vinculo
1667 464 1920 513 grammatico
1949 476 2036 503 cum
2064 465 2259 513 prioribus

254 526 512 574 cohaereant,
559 527 754 576 glossema
783 538 867 566 esse
901 528 977 566 rati
1020 527 1235 567 secludunt.
1289 531 1330 566 at
1369 538 1523 570 vereor,
1568 531 1613 565 ut
1639 527 1736 566 haee
1763 528 1859 566 satis
1884 527 2026 567 idonea
2052 529 2259 568 verborum

254 589 600 638 expungendorum
627 600 744 629 causa
772 589 834 628 sit.
889 601 1015 638 neque
1043 588 1229 639 profecto,
1271 589 1373 638 quod
1400 589 1579 628 Hectoris
1614 592 1654 628 et
1681 589 1927 639 Astyanactis
1963 589 2121 629 nomina
2148 590 2260 639 regia

254 662 340 691 esse
367 651 429 691 hic
456 651 716 701 perhibentur,
746 651 973 702 glossatoris
1000 652 1243 692 ieiunitatem
1271 655 1389 702 atque
1417 648 1586 702 inopiam
1606 650 1767 692 redolet.
1797 656 2036 703 quapropter
2054 652 2159 693 haud
2180 655 2260 694 scio

256 727 308 754 an
326 716 588 755 Buttmannus
616 719 656 755 et
675 715 939 764 Heindorfius‚
969 727 1056 755 cum
1075 717 1144 754 illa
1161 716 1290 762 verba,
1318 716 1402 752 εἶναι
1430 715 1623 754 infinitivo
1651 721 1795 762 tamen,
1816 717 1882 766 qui
1911 728 2006 755 sane
2033 728 2111 756 non
2141 717 2260 757 habet

256 779 358 818 unde
386 780 566 829 pendeat,
594 779 644 818 ab
673 779 797 818 altero
825 780 966 827 deleto,
996 780 1045 819 ab
1072 780 1196 819 altero
1225 779 1266 818 in
1295 777 1377 817 ὄντα
1405 779 1649 830 participium
1677 784 1841 829 mutato,
1861 784 2077 829 servarent,
2106 781 2259 820 cautius

254 846 296 881 et
322 843 638 891 circumspectius
668 843 832 892 egerint.
888 844 1066 892 equidem
1103 842 1317 883 Heindorfii
1345 843 1534 881 rationem
1554 846 1710 882 secutus
1738 841 1821 879 ὄντα
1847 843 2096 891 participium
2124 843 2261 882 abesse

255 917 368 953 posse
409 907 641 954 negaverim.
696 917 830 943 verum
871 917 919 944 ne
966 906 1021 944 sic
1055 906 1211 955 quidem
1239 905 1432 944 sententia
1460 907 1562 944 omni
1591 917 1730 944 vacare
1758 906 1852 944 vitio
1880 905 2047 952 videtur,
2075 906 2260 955 quoniam

255 967 321 1016 γάρ
348 969 569 1008 coniunctio
596 969 763 1008 causalis
790 980 888 1014 non,
931 980 1030 1017 quae
1058 969 1231 1018 vulgaris
1259 968 1374 1008 huius
1409 969 1621 1018 particulae
1650 969 1707 1007 vis
1735 974 1816 1016 est,
1858 969 2055 1008 enuntiati
2083 969 2261 1018 proxime

256 1032 522 1071 antecedentis
548 1052 601 1059 —-
628 1031 734 1068 ἔοικεν
757 1031 961 1078 Ἑλληνικοῖς
987 1035 1099 1068 ταῦτα
1133 1029 1178 1067 ‘mk
1215 1027 1366 1079 ὀνόματα
1394 1053 1445 1059 —
1473 1033 1663 1071 rationem
1708 1032 1847 1071 reddit.
1917 1032 2044 1082 quid?
2088 1032 2122 1071 Si
2149 1032 2170 1069 ὁ
2196 1029 2262 1081 γὰρ

255 1093 345 1140 ἅναξ
368 1116 420 1122 -
445 1092 491 1131 τὰ
518 1090 674 1142 ὀνόματα
701 1094 831 1141 verba,
861 1106 961 1142 quae
990 1095 1029 1133 in
1059 1095 1187 1133 codice
1216 1095 1364 1133 Veneto
1402 1099 1439 1131 Σ
1463 1095 1716 1142 omittuntur,
1759 1095 1797 1132 in
1839 1095 2014 1143 margine
2058 1095 2260 1143 archetypi

256 1158 402 1207 scripta
428 1157 550 1198 fuisse
577 1161 617 1197 et
644 1158 890 1207 postmodum
919 1171 943 1197 a
969 1158 1143 1198 librariis
1172 1157 1299 1197 alieno
1325 1157 1411 1197 loco
1440 1157 1631 1198 collocata
1662 1170 1747 1197 esse
1784 1157 1918 1207 fingas.
1992 1159 2065 1197 hac
2106 1158 2261 1197 ratione

256 1222 375 1260 etiam
416 1220 529 1260 facile
571 1227 735 1270 apparet
778 1217 932 1269 ὀνόματα
973 1221 1201 1260 vocabulum
1230 1221 1364 1270 putide
1392 1222 1601 1270 repetitum
1645 1221 1814 1259 secundo
1842 1221 1926 1260 loco
1956 1221 2260 1270 expungendum

257 1295 355 1323 esse
407 1284 509 1331 Quid
537 1284 687 1322 multa?
716 1283 961 1322 Sclibendum
990 1296 1075 1322 esse
1103 1285 1300 1322 existimo:
1331 1278 1407 1320 Οτι
1433 1298 1490 1331 μοι
1518 1286 1614 1320 δοκεῖ
1638 1287 1699 1320 τοῦ
1703 1299 1743 1319 τι)
1769 1283 2013 1331 πιι(ιαπλι’σιόν
2039 1298 2073 1319 τι
2100 1283 2185 1320 εἶναι
2211 1288 2261 1329 τώ

254 1344 491 1389 ’.1στυάνακτῃ
519 1363 574 1384 και
602 1347 706 1384 ἕοικει
729 1347 937 1394 Ελληνικοῖς
963 1363 1030 1384 ται
1033 1362 1076 1384 τα
1102 1345 1147 1383 τὰ
1175 1342 1338 1394 ονόματιι,
1374 1345 1536 1396 βασιλικιι
1569 1361 1752 1395 αμιῙυτερα
1781 1358 1875 1384 ιιιτιι·
1904 1348 1924 1383 ὁ
1951 1362 2017 1395 jao
2045 1362 2096 1382 ar«
2097 1347 2133 1391 z}
2158 1363 2212 1384 και
2241 1363 2262 1383 0

256 1410 361 1460 ἒηκτίΟΙ)
389 1409 510 1460 (fleam
536 1425 567 1448 ‘tl
595 1425 660 1448 ‘mv
664 1408 720 1448 tbi·
749 1410 912 1458 Ulj'flallkl'
940 1425 980 1448 01·
1008 1425 1072 1459 γαί)
1099 1425 1142 1447 αἱ·
1170 1424 1219 1452 ἴΙς
1247 1407 1333 1455 [Μ’ἶαξ
1357 1426 1389 1458 7,
1417 1425 1472 1447 καΙ
1501 1425 1606 1447 W‘tcoo
1632 1409 1741 1458 (515'7201
1770 1424 1839 1447 mr!
1868 1425 1991 1448 'tovrov
2018 1439 2028 1449 .
2057 1441 2065 1450 ·
2093 1441 2103 1450 ·

1175 1537 1265 1575 393
1291 1538 1342 1575 Β.

387 1596 439 1636 Οὔ
465 1614 495 1635 τι
524 1598 607 1647 λέγω
636 1598 731 1648 (scil.
760 1596 895 1645 fnum),
924 1597 983 1634 ἐὰν
1010 1592 1129 1646 ὥσπερ
1166 1598 1267 1646 τέρας
1303 1598 1432 1647 γίνηται
1461 1597 1497 1642 ἐξ
1528 1596 1636 1635 sunm*
1670 1595 1758 1637 ἄλλο
1792 1613 1823 1634 τι
1852 1592 1868 1645 ᾗ
1900 1595 2017 1641 ἵππος,
2055 1593 2144 1635 ἀλλὰ
2173 1593 2193 1633 ἦ
2220 1592 2264 1635 iit

259 1659 275 1710 ᾗ
305 1665 365 1698 τοῦ
393 1662 508 1709 γένους
535 1660 668 1709 azymon
693 1659 753 1707 τὴν
781 1660 894 1708 (χύσιν,
921 1665 1024 1697 τοῦτο
1050 1661 1144 1708 uym.
1199 1662 1374 1710 plerique
1417 1672 1550 1699 omues
1579 1662 1691 1710 eique
1720 1661 1854 1709 optimi
1884 1662 2035 1700 codices
2072 1658 2162 1697 ἀλλὰ
2210 1656 2257 1697 ιη’

256 1720 300 1761 ἄν
327 1740 346 1772 ῃ
373 1723 573 1773 praebent.
628 1735 755 1773 neque
796 1724 969 1777 codicum
997 1724 1267 1763 auctoritatem
1294 1736 1316 1762 a
1334 1723 1516 1763 Bckkero
1536 1724 1791 1764 Stallbaumio
1821 1724 1908 1763 aliis
1937 1724 2021 1763 iure
2041 1724 2261 1774 meritoque

256 1791 429 1836 spretam
456 1798 542 1825 esse
571 1787 808 1831 crediderim,
838 1788 929 1835 quia
957 1787 1056 1825 dura
1074 1798 1145 1825 nec
1163 1789 1257 1826 satis
1277 1787 1457 1834 expedita
1483 1791 1544 1823 τοῦ
1573 1787 1687 1835 γένους
1715 1788 1885 1835 genetivi
1908 1787 1958 1825 ab
1986 1782 2007 1822 ὅ
2035 1787 2261 1835 pronomine

258 1850 462 1900 pendentis
489 1850 589 1888 ratio
617 1855 688 1888 est.
742 1849 915 1888 codicum
961 1861 1052 1888 vero
1081 1850 1293 1899 eademque
1319 1851 1534 1890 Hermanni
1572 1844 1611 1886 οὗ
1639 1846 1681 1887 ἂν
1709 1848 1729 1898 ᾗ·
1758 1854 1819 1887 τοῦ
1855 1850 1970 1899 γένους
2003 1850 2136 1899 ἔκγονοι·
2172 1847 2263 1887 κατὰ

259 1913 362 1961 φύση1
389 1913 596 1961 scriptura,
625 1925 741 1961 quam
769 1913 926 1951 Ficinus
956 1925 1110 1961 quoque
1138 1913 1268 1960 refert,
1295 1925 1381 1951 cum
1408 1918 1554 1952 vert-at:
1599 1914 1739 1953 cuius
1768 1914 1969 1961 generis
1998 1913 2262 1952 secundum

260 1979 492 2014 naturam
528 1978 623 2023 est
661 1975 789 2024 quod
825 1976 1076 2021 nascitur,
1111 1976 1201 2015 hoc
1228 1976 1355 2022 dico,
1397 1981 1605 2024 propterea
1633 1976 1824 2024 displicet,
1854 1977 1957 2024 quod
1985 1979 2046 2011 τοῦ
2071 1975 2260 2014 articulus

259 2038 394 2088 putide
422 2038 609 2079 abundat.
663 2050 784 2108 quain
813 2038 1062 2078 offensionem
1091 2044 1134 2077 ut
1161 2038 1338 2087 vitemus,
1365 2039 1564 2078 lenissima
1583 2050 1627 2077 ac
1646 2051 1769 2088 paene
1789 2039 1897 2077 nulla
1916 2038 2130 2077 mutatione
2159 2037 2262 2078 facta

260 2102 505 2141 scribendum
523 2113 715 2150 propono:
745 2101 785 2138 σι’
813 2097 855 2138 ἀι
874 2099 894 2149 ᾖ
913 2116 989 2138 του
1009 2102 1121 2150 ,ω’-’,ιω
1140 2113 1339 2140 cuiseun
1352 2113 1444 2150 que
1464 2102 1669 2150 generis
1684 2106 1745 2140 est
1759 2097 1906 2146 (mss-gram
1924 2102 2005 2140 sive
2022 2095 2133 2137 ὅτου
2123 2101 2265 2148 ,ivm-3).

260 2166 455 2205 sententia
482 2169 587 2205 certe
615 2165 780 2204 multum
808 2164 919 2205 abest
946 2168 991 2204 ut
1018 2165 1090 2204 hae
1117 2165 1267 2205 ratione
1306 2164 1538 2205 obscuretur
1578 2165 1637 2205 vel
1681 2163 1955 2204 confundatur.
1995 2158 2087 2206 ὅςτις
2130 2167 2263 2203 autem

259 2230 499 2279 pronominis
527 2230 731 2278 compositi
760 2233 891 2278 partes
920 2229 1040 2268 etiam
1069 2230 1263 2269 seiunctas
1291 2229 1501 2278 aliquando
1529 2229 1620 2279 legi,
1640 2230 1714 2268 etsi
1733 2229 1782 2267 ab
1801 2240 1876 2267 usu
1895 2228 2047 2277 vulgari
2067 2231 2260 2267 remotum

260 2296 332 2342 est,
374 2296 545 2340 constat3
588 2304 822 2343 quamquam
865 2294 1065 2342 Augustus
1107 2292 1293 2333 Matthiae
1332 2292 1520 2339 (Gramm.
1556 2293 1691 2334 Graec.
1733 2292 1822 2332 edit.
1849 2292 1896 2332 ΙΙ.
1925 2290 1957 2342 ξ.
1998 2289 2076 2329 483
2103 2302 2140 2340 p.
2166 2289 2263 2340 906)

262 2367 382 2394 unum
411 2357 617 2395 dumtaxat
643 2357 760 2395 huius
789 2367 884 2394 usus
913 2356 1129 2405 exemplum
1159 2367 1205 2395 ex
1233 2356 1348 2405 Lysia
1377 2356 1441 2396 Or.
1468 2354 1531 2404 20,
1559 2355 1607 2393 31
1634 2359 1831 2404 sumptum
1869 2350 1907 2395 ὃς
1943 2352 1986 2390 ἄν
2021 2367 2073 2394 τις
2108 2353 2200 2401 ὑμᾶς
2226 2351 2264 2389 εὖ

261 2423 354 2466 ποιῇ,
381 2431 451 2469 pro
480 2431 556 2469 quo
585 2420 819 2459 recentiores
848 2420 1016 2459 editores
1044 2415 1129 2457 ὅταν
1156 2434 1207 2461 τις
1235 2419 1294 2457 vel
1322 2413 1367 2455 ὅσ
1392 2415 1447 2455 ’ἄν
1474 2433 1525 2460 τις
1544 2419 1604 2458 vel
1633 2414 1701 2454 ὅσα
1729 2416 1771 2454 ἄν
1798 2432 1849 2459 τις
1867 2417 1998 2456 invitis
2017 2416 2131 2456 libris
2150 2427 2265 2466 prae-

262 2481 403 2530 ferunt,
430 2482 571 2522 adfert.
599 2483 668 2521 sed
697 2495 773 2520 non
803 2482 963 2521 dubium
991 2487 1063 2523 est.
1092 2483 1186 2531 quin
1215 2482 1316 2530 apud
1344 2481 1607 2530 Thucydidem
1642 2480 1760 2528 1V,14
1789 2480 1997 2529 legendum
2024 2480 2094 2518 sit:
2147 2476 2203 2516 καὶ
2232 2480 2266 2515 εἰ·

261 2544 372 2591 τούτῳ
399 2548 617 2582 κεκωλῦσθαι
645 2545 751 2582 ἐδόκει.
779 2545 923 2586 ἕκαστος
949 2539 977 2591 ᾧ
1004 2545 1050 2593 μή
1077 2561 1137 2582 τινι
1167 2543 1220 2582 καὶ
1249 2539 1354 2584 αὐτὸς
1381 2543 1464 2591 ἔργῳ
1490 2549 1613 2592 παρῆν.
1662 2556 1731 2582 llec
1758 2544 1884 2582 minus
1904 2546 2058 2582 constat
2085 2542 2264 2582 omnibus

264 2608 444 2648 videlicet
470 2608 667 2648 codicibus
696 2608 1027 2647 consentientibus
1056 2608 1159 2657 apud
1179 2608 1378 2646 Platonem
1408 2608 1528 2657 Legg.
1554 2606 1630 2645 864
1650 2607 1691 2646 Ε.
1705 2596 1817 2645 'recte
1835 2606 1932 2656 legi:
1960 2603 2020 2653 τὴν
2047 2603 2107 2653 μὲι·
2133 2605 2266 2655 βὶιίβι,ν

262 2666 301 2717 ἢν
327 2668 370 2706 ἄν
396 2685 470 2707 τινα
499 2670 707 2720 καταβλά11·ῃ
737 2670 874 2711 πάντως
901 2672 1013 2717 άπλῆι·
1040 2667 1240 2708 ἀποτινέτω.
1293 2670 1464 2718 itemque
1498 2671 1537 2708 C.
1567 2671 1614 2709 G.
1642 2671 1868 2717 Kruegerus
1897 2669 2069 2717 (Griech.
2098 2668 2267 2716 81)ΐᾶοἣ-

264 2732 373 2773 lehre
402 2732 573 2783 54,15,1)
602 2728 641 2776 ὂς
668 2731 711 2770 ἄν
738 2749 791 2775 τις
818 2746 1031 2782 pronomen
1060 2732 1349 2783 hypotheticum
1380 2745 1658 2782 nonnunquam
1688 2732 1850 2782 reperiri
1879 2737 2155 2772 commemorat
