2597 3316
1214 223 1238 265 6

1145 346 1237 385 393
1266 346 1312 386 C.

342 405 596 452 Sententiam,
626 417 743 455 quam
771 407 884 446 modo
912 408 1175 455 tractavimus,
1205 408 1384 447 Socrates
1413 408 1518 446 hisce
1546 408 1731 456 exemplis
1759 408 1958 448 illustrare
2006 410 2145 460 pergit.
2200 409 2234 449 si

219 481 346 521 equus
374 473 512 512 contra
538 473 722 510 naturam
749 470 879 520 pariat
897 470 1074 517 vitulum,
1102 470 1267 512 vitulum
1294 471 1417 511 fetum
1437 474 1683 520 procreatum
1711 481 1797 511 esse
1825 472 2120 522 nominandum,
2149 484 2228 513 non

217 545 373 584 equum.
401 532 481 574 iam
502 532 670 573 alterum
690 533 869 583 sequitur
887 534 1126 584 exemplum:
1154 529 1224 571 οὐδ’
1254 529 1297 571 ἀν
1324 533 1361 580 ἐξ
1384 530 1586 582 ἀνθρώπου,
1606 532 1712 583 οἶμαι,
1738 531 1785 582 μὴ
1811 532 1854 571 τὸ
1881 530 2074 584 ἀνθρώπου
2101 533 2237 585 ἔκγονον

215 596 359 645 γένηται,
386 592 476 632 ἀλλ’
507 594 580 632 ἐὰν
606 594 654 632 τὸ
682 596 884 645 ἔκγονον,
912 594 1104 645 ἅνθρωπος
1129 597 1275 643 κλητέος.
1331 597 1424 646 quid
1465 597 1538 634 Sibi
1567 597 1661 634 velit
1697 597 1794 635 illud
1831 593 1905 633 ἀλλ’
1934 596 1996 633 ἐὰν
2022 597 2064 634 τὸ
2092 598 2238 647 ἔκγονον,

219 658 398 708 quamvis
425 670 474 698 ex
501 658 693 698 sermonis
721 659 986 708 perpetuitate
1019 659 1130 700 facile
1166 659 1376 699 admodum
1404 663 1444 698 et
1472 662 1652 709 apertum
1680 658 1730 698 ad
1757 659 2059 709 intelligendum
2088 660 2158 709 sit,
2188 672 2235 700 ex

217 720 510 763 constructione
536 720 745 762 verborum
765 721 874 761 nullo
894 722 1008 764 modo
1027 726 1202 774 apparet.
1258 733 1302 762 ac
1320 722 1522 763 Bekkerus
1556 721 1712 772 quidem
1731 724 1772 761 et
1789 721 2036 763 Hermannus
2064 722 2232 763 duorum

216 789 373 824 tantum
418 785 593 824 codicum
620 788 660 821 Ι*
683 784 718 823 G
759 786 1034 824 auctoritatem
1076 787 1197 825 secuti
1238 782 1310 829 ἀλλ’
1353 784 1414 821 ἐὰν
1444 784 1486 822 τὸ
1519 786 1653 834 ἔκγονον
1693 786 1943 833 scripserunt.
1996 787 2234 835 reliquorum

216 848 320 889 enim
351 847 540 888 librorum
567 847 693 888 altera
715 859 806 897 pars
826 848 1095 890 UAEHSYlm
1114 843 1185 887 ἀλλ’
1206 843 1227 886 ὃ
1245 845 1315 894 ἐὰν,
1341 847 1467 888 altera
1484 847 1750 889 ABCEFHIX
1767 844 1855 886 ἄλλο
1873 845 1945 896 ἐὰν,
1966 848 2235 900 Stephaniana

217 911 387 960 denique
415 910 535 949 editio
563 908 651 946 ἄλλο
678 909 715 946 δὲ
758 911 887 950 habet.
957 923 1123 960 quarum
1162 912 1373 949 lectionum
1415 911 1718 960 discrepantium
1758 922 1846 949 cum
1875 912 1984 950 nulla
2012 913 2233 951 sententiae

218 972 444 1022 satisfaciat,
473 973 578 1012 haud
606 973 684 1012 scio
713 984 763 1011 an
791 973 1040 1013 scribendum
1069 975 1120 1012 sit
1154 969 1226 1010 ἀλλ’
1269 972 1356 1010 ἄλλο
1390 989 1420 1010 τι
1449 974 1593 1022 ἔκγονον,
1636 977 1682 1012 ut
1718 973 1814 1013 haec
1841 973 2012 1013 Socratis
2041 975 2237 1014 sententia

219 1036 387 1091 evadatt'
431 1046 589 1085 neque
627 1036 668 1074 si
706 1047 763 1074 ex
798 1035 998 1075 homine
1035 1047 1127 1075 non
1163 1035 1402 1075 humanus
1438 1036 1520 1074 sed
1549 1036 1684 1075 alius
1713 1036 1917 1085 quidam
1953 1037 2050 1084 (scil.
2079 1041 2236 1087 porten-

218 1101 347 1146 tosus)
385 1098 524 1138 fetus
562 1102 823 1145 nascatur,
862 1110 964 1138 eum
999 1098 1240 1138 hominem
1275 1109 1382 1138 esse
1418 1098 1700 1138 vocandum.
1753 1099 1913 1138 Ficinus
1941 1111 2098 1149 quoque
2124 1100 2237 1139 libris

219 1173 341 1201 manu
368 1162 526 1211 scriptis
554 1160 761 1200 manifesto
790 1160 941 1199 diffisus
970 1174 1047 1200 non
1076 1161 1235 1199 verbum
1264 1173 1285 1199 e
1316 1161 1430 1200 verbo
1460 1162 1528 1200 sed
1557 1162 1674 1210 paulo
1702 1161 1884 1200 licentius
1905 1163 2139 1202 sententiam
2168 1174 2235 1201 ex-

219 1226 365 1274 primit,
393 1237 482 1265 cum
509 1229 657 1264 vertat:
700 1235 860 1273 neque
902 1224 1035 1264 enim
1079 1224 1120 1264 si
1160 1235 1216 1263 ex
1257 1224 1452 1264 homine
1493 1224 1595 1264 alia
1635 1224 1803 1275 proles
1845 1236 1988 1274 quam
2021 1225 2235 1267 humana

220 1287 545 1339 producitur,
574 1287 702 1337 quod
732 1287 960 1327 nascitur
990 1288 1125 1327 homo
1153 1287 1320 1327 vocari
1349 1286 1506 1327 debet.

348 1350 630 1390 Stallbaumius
658 1361 759 1397 vero,
788 1355 833 1388 ut
861 1350 1069 1389 lectionem
1099 1350 1297 1398 vulgatam
1326 1349 1516 1398 defendat,
1545 1350 1600 1389 sic
1628 1351 1763 1389 vertit:
1792 1351 1874 1389 sed
1903 1351 1941 1390 si
1978 1350 2115 1390 fetus
2153 1362 2234 1389 na-

221 1414 406 1453 turalis
448 1413 778 1461 suscipiatur,
820 1416 951 1461 atque,
994 1425 1081 1452 cum
1122 1413 1221 1451 hanc
1267 1413 1624 1461 interpretationem
1653 1413 1907 1460 explicatione
1936 1425 2050 1462 egere
2079 1412 2235 1459 sentiat,

221 1475 318 1516 haec
346 1476 477 1515 addit:
504 1487 611 1515 nam
639 1470 724 1512 ἀλλ’
755 1472 827 1512 ἐὰν
867 1466 923 1513 το
957 1474 1127 1524 ἔκγονον
1167 1474 1385 1514 breviter
1424 1474 1608 1515 dictum
1648 1480 1769 1525 puto
1811 1487 1900 1525 pro
1941 1471 2031 1513 ἀλλ’
2075 1474 2148 1513 ἐὰν
2188 1473 2237 1513 τὸ

222 1538 346 1587 φύσει
373 1538 554 1587 ἔκγονον.
610 1542 652 1576 at
672 1538 769 1587 quis,
800 1549 960 1586 quaeso,
985 1538 1181 1577 Platonem
1202 1538 1300 1576 adeo
1328 1538 1661 1587 breviloquentem
1692 1548 1778 1576 esse
1798 1538 1931 1578 credat
1960 1550 2005 1577 eo
2034 1539 2119 1587 ipso
2138 1538 2235 1585 loco,

221 1613 300 1651 quo
327 1606 595 1650 portentosum
624 1605 664 1639 et
691 1601 909 1639 naturalem
938 1600 1060 1639 fetum
1089 1601 1220 1639 dedita
1248 1612 1368 1648 opera
1394 1601 1604 1640 identidem
1634 1601 1870 1649 distinguit?

1145 1725 1235 1764 395
1262 1725 1317 1763 A.

349 1788 528 1838 Explicat
554 1788 748 1836 Socrates,
778 1800 848 1829 cur
888 1788 1192 1837 Agamemnonis
1232 1798 1370 1827 nomen
1399 1791 1503 1828 recte
1546 1799 1586 1826 se
1623 1786 1778 1828 habeat.
1850 1791 1968 1837 atque
2009 1787 2235 1837 priusquam

221 1851 471 1892 concluditur
497 1847 549 1888 ὅτι
579 1849 638 1888 οὖν
666 1848 869 1900 ἀγαστὸς
895 1848 984 1887 κατὰ
1012 1848 1072 1897 τὴν
1099 1850 1164 1887 ἐπι
1173 1847 1310 1898 μονὴν
1344 1844 1444 1891 οὗτος
1471 1850 1490 1885 ὀ
1518 1847 1612 1897 ἀνήρ,
1655 1850 1844 1899 ἐνσημαίνει
1872 1849 1913 1887 τὸ
1955 1848 2066 1898 ὄνομα
2094 1851 2114 1887 ὁ
2137 1847 2236 1899 Ἀγα·

221 1916 367 1964 μᾲινων,
387 1916 485 1954 haec
504 1916 689 1965 leguntur
709 1914 847 1953 verba:
876 1919 1015 1961 σημεῖον
1043 1909 1182 1950 δἀὐτοῡ
1205 1914 1223 1960 ἡ
1243 1913 1277 1949 ἐν
1310 1912 1419 1962 Τροίᾳ
1446 1910 1529 1961 μοι-ι)
1558 1918 1619 1950 τοῦ
1648 1913 1807 1961 πλήθους
1833 1929 1871 1950 τε
1890 1910 1945 1950 καὶ
1974 1913 2233 1962 καρτερίας.

222 1980 278 2019 sic
304 1979 395 2018 libri
433 1990 567 2018 omnes
596 1979 724 2018 locum
752 1977 945 2026 exhibent,
974 1978 1048 2016 nisi
1078 1977 1181 2026 quod
1211 1977 1382 2016 Venetus
1418 1978 1453 2016 Ξ
1476 1976 1594 2017 habet
1636 1977 1809 2025 καρτερία.
1851 1976 2020 2017 editores
2063 1988 2149 2016 cum
2194 1977 2234 2017 in

221 2041 405 2090 καρτερίας
452 2042 631 2091 genetivo
678 2041 763 2080 iure
809 2039 1063 2087 offenderent,
1092 2040 1157 2078 alii
1184 2039 1300 2078 aliter
1336 2040 1419 2078 loco
1448 2039 1660 2088 depravato
1689 2039 1835 2078 mederi
1864 2040 1993 2079 conati
2035 2043 2137 2078 sunt.
2190 2051 2238 2079 ac

224 2106 447 2155 Stephanus
476 2105 645 2154 quidem,
675 2103 883 2143 manifesto
924 2108 1082 2143 secutus
1124 2104 1297 2142 Ficinum
1340 2103 1394 2141 sie
1434 2107 1670 2142 vertentem:
1726 2108 2075 2152 argumentum
2120 2114 2235 2143 vero

223 2169 542 2210 tolerantiae
570 2180 685 2208 suae
713 2168 841 2217 apud
869 2167 1056 2206 Troiam
1084 2170 1225 2206 tanto
1271 2178 1369 2205 cum
1399 2166 1618 2205 exercitu
1660 2166 1953 2215 perduratio
1996 2165 2239 2215 praebuit

223 2233 282 2272 ita
309 2232 463 2272 scribit:
519 2237 658 2279 σημεῖον
686 2227 815 2277 δἀὐτῷ
842 2234 903 2278 τῆς
929 2230 1112 2279 καρτερίας
1139 2230 1156 2277 ἡ
1184 2230 1219 2265 ἐν
1259 2230 1357 2278 τροίᾳ
1384 2227 1468 2277 μονὴ
1496 2228 1585 2277 μετὰ
1612 2228 1719 2267 τόσου
1747 2228 1917 2278 πλήθους.
1973 2231 2085 2277 Quae
2114 2230 2234 2279 scrip-

222 2300 313 2335 tura
341 2294 517 2345 quamvis
545 2306 569 2334 a
596 2293 706 2333 libris
736 2294 877 2332 mirum
907 2297 1096 2342 quantum
1126 2292 1293 2340 recedat,
1322 2292 1439 2331 etiam
1469 2291 1695 2331 Heindorfio
1731 2292 1931 2342 probatur,
1959 2296 2234 2342 praeterquam

222 2358 328 2408 quod
355 2355 464 2395 αὐτοῦ
492 2369 564 2408 pro
591 2353 686 2403 αὐτῷ
716 2362 755 2395 et
782 2355 949 2393 τοσούτου
977 2367 1048 2405 pro
1076 2355 1182 2392 τόσου
1209 2355 1314 2405 legit.
1380 2355 1658 2394 Stallbaumius
1686 2355 1855 2404 denique
1883 2356 2029 2394 leniore
2057 2355 2234 2394 adhibita

222 2422 416 2461 medicina
443 2421 715 2469 corrigendum
744 2425 878 2459 censet
903 2424 965 2457 τοῦ
993 2418 1153 2467 πλήθους
1178 2416 1267 2467 μετὰ
1294 2419 1485 2467 καρτερίας.
1541 2423 1583 2458 at
1624 2419 1718 2467 quid
1755 2419 1914 2459 tandem
1950 2419 2102 2466 obstat,
2136 2431 2235 2468 quo-

222 2485 353 2525 minus
380 2487 597 2534 praeeunte
623 2482 849 2523 Hermanno
877 2493 964 2522 eam
992 2482 1237 2532 scripturam,
1266 2492 1365 2531 quae
1393 2493 1479 2521 cum
1507 2481 1546 2520 in
1575 2480 1705 2521 codice
1725 2482 1760 2522 Ξ
1782 2485 1913 2521 exstat
1940 2485 2024 2520 tum
2052 2481 2103 2521 ad
2130 2484 2234 2522 cete-

221 2560 354 2588 rorum
395 2548 583 2587 librorum
623 2547 825 2585 lectionem
867 2546 1042 2594 proxime
1083 2546 1242 2594 accedit,
1284 2556 1482 2585 servemus
1493 2546 1512 2583 i>
1594 2545 1732 2594 quodsi
1793 2545 1914 2594 igitur
1962 2544 2100 2584 scribis
2140 2546 2160 2592 ἡ
2195 2545 2236 2584 ,ἐν

228 2611 340 2661 Τροίᾳ
380 2608 466 2659 μονὴ
499 2613 561 2647 τοῦ
601 2608 760 2657 πλήθους
790 2614 838 2646 τε
877 2606 932 2645 καὶ
976 2608 1149 2657 καρτερία,
1194 2609 1349 2658 planam
1395 2609 1493 2647 hanc
1539 2612 1579 2647 et
1624 2612 1800 2657 apertam
1847 2607 1897 2646 ad
1937 2607 2233 2657 intelligendum

223 2674 449 2723 assequeris
467 2673 721 2713 sententiam:
751 2676 858 2712 recte
877 2684 918 2711 se
938 2671 1241 2721 Agamemnonis
1262 2683 1400 2711 nomen
1421 2671 1578 2719 habere,
1609 2671 1712 2720 quod
1733 2683 1778 2711 eo
1798 2671 2043 2720 potissimum
2073 2674 2232 2710 auctore

222 2738 463 2779 Graecorum
490 2736 683 2777 exercitus
711 2735 849 2775 Troiae
876 2734 1065 2774 manserit
1092 2738 1132 2774 et
1158 2735 1198 2773 in
1227 2733 1330 2773 bello
1354 2734 1669 2784 perseveraverit.
1725 2734 1892 2783 accedit,
1931 2733 2034 2783 quod
2069 2732 2153 2782 μονή
2195 2747 2232 2770 τε
