2597 3316
1922 142 2005 307 3

426 461 646 507 ruptum,
701 458 819 507 quia
868 457 1181 498 infinitivum
1236 470 1292 498 ex
1345 456 1775 498 antecedentibus
1830 455 2157 507 repetendum
2205 469 2324 499 esse
2364 470 2458 498 nou

426 524 743 572 perspectum
788 525 875 562 est.
948 521 1129 571 quodsi
1174 524 1340 560 autem
1385 525 1520 569 sunt,
1581 521 1668 570 qui
1714 531 1822 559 eum
1868 531 2018 570 aegre
2077 521 2261 561 iterari
2307 532 2459 570 posse

426 590 690 633 censeant,
741 586 811 626 iis
868 589 1046 626 auctor
1104 597 1230 633 sum,
1292 589 1346 624 ut
1401 597 1502 625 cum
1564 584 1709 624 Astio
1768 584 2021 625 scribant:
2103 584 2202 629 τέλος
2260 582 2326 635 γὰρ
2395 582 2458 633 ἤδη

426 648 603 687 ἐπιθεῖναι
629 648 754 688 ἐθελω.
811 659 1103 698 quamquam
1131 659 1333 697 vereor,
1362 653 1416 689 ut
1443 649 1533 690 hoc
1568 648 1915 688 additamento
1953 660 2076 699 opus
2113 649 2195 690 sit.
2249 650 2308 689 ita
2341 648 2459 689 scribi

429 712 606 762 potuisse
633 712 746 753 facile
774 712 965 760 conced03
992 723 1127 751 verum
1157 717 1289 752 tamen
1318 724 1397 752 non
1426 724 1628 762 assequor,
1656 723 1736 761 qua
1763 712 1921 753 tandem
1957 713 2109 753 ratione
2149 712 2234 753 fieri
2273 712 2458 763 potuerit,

429 779 474 815 ut
487 775 640 816 librarii
656 775 707 815 ad
718 786 840 815 unum
854 785 991 815 omnes
1006 775 1046 814 in
1062 775 1263 815 sententia
1280 776 1397 826 plana
1415 776 1624 816 admodum
1644 786 1691 814 ac
1709 776 1916 824 perspicua
1929 786 2001 824 pro
2019 776 2116 813 θελοι
2134 776 2353 817 scriberent
2370 780 2458 823 θεῷ.

558 839 668 888 Quae
696 850 784 879 cum
813 839 869 879 ita
897 838 987 886 sint,
1017 849 1096 878 non
1117 839 1448 888 acquiescendum
1468 850 1554 879 esse
1574 838 1614 878 in
1632 837 1867 878 lectionibus
1886 838 2016 878 adhuc
2033 839 2247 889 propositis
2266 839 2457 880 existimo.

429 903 568 944 subest
594 905 739 950 autem,
769 902 844 942 nisi
871 903 1029 953 egregie
1057 902 1184 952 fallor,
1212 902 1400 953 loquendi
1428 902 1597 943 formula
1623 902 1673 942 ab
1702 913 1776 942 usn
1804 901 1958 953 vulgari
1995 902 2113 952 paulo
2157 903 2343 943 remotior
2384 903 2458 940 θέω

429 968 491 1006 vel
518 967 626 1015 τρέχω
650 968 794 1006 omisso
822 965 950 1014 δρόμον
978 967 1144 1006 obiecto.
1199 978 1270 1015 pro
1298 978 1345 1006 eo
1374 967 1490 1012 enim,
1517 967 1620 1015 quod
1649 970 1711 1006 est
1748 963 1826 1014 περὶ
1852 970 1913 1004 τοι·
1942 964 2076 1009 παντὸς
2102 966 2230 1016 δρόμον
2262 967 2358 1005 θέειν
2398 967 2458 1008 vel

428 1029 566 1081 τρέχειν,
586 1030 705 1071 etiam
724 1029 894 1080 elliptice
914 1029 988 1070 dici
1007 1027 1068 1068 τὸν
1086 1026 1165 1079 περὶ
1181 1033 1244 1068 τοῦ
1263 1027 1397 1073 uarios
1415 1033 1457 1070 et
1473 1027 1534 1068 τὸν
1551 1025 1628 1079 περὶ
1645 1032 1707 1078 τῆς
1725 1032 1842 1079 ψυχῆς
1867 1028 1964 1067 θέειν
1991 1029 2054 1069 vel
2081 1029 2219 1078 τρέχειν,
2240 1030 2457 1070 Lobeckius

429 1094 598 1143 Paralip.
626 1105 660 1142 p.
689 1092 766 1131 511
796 1094 920 1133 docet.
979 1105 1117 1132 cursus
1145 1098 1277 1132 autem
1306 1095 1464 1142 proprie
1506 1094 1571 1132 ille
1605 1094 1777 1132 omnium
1819 1094 2085 1133 nobilissimus
2126 1094 2356 1143 Olympicus
2400 1095 2458 1134 in—

429 1156 676 1206 tellegendus
704 1160 775 1196 est.
830 1157 975 1196 etenim
1003 1158 1043 1196 in
1073 1157 1247 1196 omnium
1275 1168 1343 1196 ore
1363 1162 1452 1196 erat
1469 1156 1639 1196 stadium
1658 1155 1720 1195 vel
1739 1155 1978 1196 curriculum
1996 1155 2253 1206 Olympicum,
2272 1156 2323 1195 ad
2352 1156 2457 1206 quod

429 1217 573 1257 στάδιον
600 1215 845 1269 ἀγωνιζεσθαι,
873 1219 1106 1268 ἁμιλλᾶσθαι,
1136 1219 1280 1256 σταδίου
1308 1218 1447 1267 δρόμος,
1474 1218 1663 1256 σταδιεύειν
1683 1218 1830 1258 Similes
1858 1218 2077 1258 locutiones
2095 1219 2254 1268 proprie
2285 1218 2458 1258 referen-

428 1283 504 1323 dae
531 1288 634 1323 sunt
692 1294 810 1333 quam
838 1283 919 1324 late
948 1287 1082 1333 pateat
1109 1283 1214 1333 apud
1255 1288 1410 1323 veteres
1454 1282 1706 1333 metaphorae
1747 1292 1844 1321 usus
1871 1293 1895 1322 a
1923 1282 2052 1322 stadio
2095 1282 2299 1333 repetitae,
2342 1283 2458 1323 etiam

429 1346 568 1389 Cicero
595 1350 781 1394 testatur,
809 1358 895 1386 cum
924 1347 961 1386 in
992 1346 1124 1386 libello
1152 1346 1201 1385 de
1230 1345 1319 1386 Sen.
1346 1345 1464 1394 Xl,38
1492 1346 1789 1385 exercitationes
1818 1345 1968 1395 ingenii
1996 1346 2192 1386 curricula
2218 1346 2361 1385 mentis
2389 1358 2458 1395 ap-

428 1412 560 1461 pellet.
615 1412 709 1461 quin
736 1412 856 1451 etiam
882 1411 941 1450 sol
969 1422 1126 1450 cursum
1155 1422 1270 1449 suum
1297 1409 1505 1450 conficiens
1533 1404 1626 1457 ἧλιος
1642 1406 1724 1451 τοὺς
1741 1404 1815 1447 ἀπὸ
1832 1404 2004 1457 ἀνατολῆς
2028 1408 2124 1458 μέχρι
2152 1408 2283 1452 δύσεως
2310 1408 2459 1459 δρόμους

430 1474 621 1513 erudierim
648 1477 811 1514 vocatur
838 1473 960 1521 (Sext.
990 1474 1100 1523 Emp.
1128 1474 1212 1514 adv,
1240 1473 1427 1514 Mathem.
1456 1471 1592 1521 1x‚27;
1621 1471 1720 1518 x,67
1749 1472 1808 1513 ed.
1837 1472 1991 1514 Fabric.
2024 1484 2060 1523 p.
2087 1471 2167 1512 555
2195 1476 2237 1513 et
2261 1471 2370 1522 644).

555 1539 809 1580 Tutissimum
827 1537 949 1589 igitur
967 1549 1053 1578 esse
1072 1538 1242 1578 arbitror
1260 1537 1431 1578 scribere
1448 1536 1545 1580 ulos
1562 1534 1628 1587 γὰρ
1644 1534 1708 1585 ἤδη
1726 1536 1811 1588 θεὼ,
1831 1536 1936 1586 quod
1965 1536 2022 1576 sic
2038 1536 2296 1586 interpretor:
2340 1535 2457 1576 finem

426 1602 532 1643 enim
570 1603 646 1642 iam
674 1612 814 1642 cursus
842 1602 917 1641 mei
946 1601 1122 1649 conficio,
1153 1602 1213 1640 vel
1242 1601 1292 1641 ad
1319 1600 1437 1640 finem
1472 1602 1574 1641 enim
1602 1601 1680 1640 iam
1708 1611 1877 1649 propero
1905 1600 2072 1649 ideoque
2100 1599 2337 1640 festinanter
2364 1612 2455 1650 pro-

428 1667 545 1713 ced03
582 1677 673 1705 nam
700 1665 798 1707 τέλος
826 1665 900 1702 θέω
927 1665 1098 1713 elliptice
1126 1666 1272 1705 dictum
1293 1669 1356 1705 est
1382 1677 1454 1715 pro
1483 1677 1529 1705 eo
1558 1665 1662 1714 quod
1691 1667 1754 1704 est
1779 1663 1878 1707 τέλος
1905 1663 2035 1713 δρόμου
2070 1663 2157 1705 θέω.
2215 1675 2334 1714 quam
2363 1675 2456 1704 ean-

428 1730 517 1770 dem
535 1740 674 1770 cursus
693 1728 988 1768 similitudinem
1004 1727 1117 1768 Plato
1139 1727 1214 1768 iam
1235 1728 1353 1777 paulo
1372 1731 1465 1767 ante
1485 1739 1518 1778 p.
1537 1726 1615 1765 414
1631 1727 1661 1767 Β
1680 1729 1991 1776 comparaverat:
2020 1722 2092 1764 ἀλλ’
2116 1723 2241 1776 οὐγὰρ
2258 1727 2458 1769 ἐπισκοπεῖ,-

429 1787 471 1840 ’με
498 1788 613 1841 ὥςπερ
646 1789 745 1833 ἐκτὸς
773 1790 903 1839 δρόμου
931 1790 1133 1839 φερόμενον,
1160 1789 1299 1828 ἐπειδὰν
1326 1791 1420 1828 λείου
1448 1789 1673 1839 ἐπιλάβωμαι,
1691 1790 1728 1829 h.
1746 1803 1779 1829 e.
1800 1802 1936 1829 verum
1965 1802 2044 1829 non
2062 1791 2233 1830 attendis
2254 1802 2315 1829 me
2343 1793 2453 1829 extra

429 1854 665 1897 curriculum
693 1853 792 1905 labi,
822 1852 944 1894 sicubi
973 1853 1013 1893 in
1042 1853 1193 1894 lubrico
1221 1864 1367 1893 versor.
1423 1853 1493 1893 sed
1521 1852 1618 1894 haec
1647 1853 1844 1893 hactenus.

1380 2287 1503 2299 α*-
