2597 3316
1282 306 1338 350 12

287 429 461 478 Oedipus
489 430 649 478 quidem
676 431 858 479 reperiat,
887 440 965 478 qua
993 429 1147 467 ratione
1168 440 1354 468 numerus
1383 429 1510 477 impar
1538 450 1589 456 —-
1616 427 1741 467 fracto
1760 427 1906 468 scilicet
1934 440 2098 469 numero
2127 430 2189 470 hic
2210 430 2316 470 locus

287 503 366 532 non
394 496 457 532 est
484 514 538 522 —
565 491 756 542 bipartito
784 492 966 532 distribui
994 496 1124 541 queat.
1180 491 1278 531 hanc
1306 491 1356 533 ob
1397 502 1568 540 causam,
1610 494 1655 531 ut
1696 490 1846 541 opinor,
1888 491 1968 532 iam
1996 492 2220 543 Stephanus
2261 489 2316 531 καὶ

284 558 348 593 τοῦ
374 558 415 593 νῦ
440 555 503 596 bis
530 555 683 606 posuit3
714 555 819 606 quod
847 566 934 595 cum
972 566 1111 594 errore
1155 554 1301 594 factum
1342 565 1429 595 esse
1457 566 1481 595 a
1508 554 1709 604 Stephano
1751 553 2034 595 Stallbaumius
2076 556 2315 606 opinaretur,

287 619 416 659 nescio
443 630 497 659 an
525 620 610 670 ipse
636 623 721 659 toto
750 619 871 669 coelo,
899 621 944 658 ut
971 618 1093 663 aiunt,
1121 619 1320 658 erraverit.
1376 629 1446 657 nec
1486 629 1580 657 sane
1622 616 1779 657 difficile
1819 622 1882 658 est
1922 618 1974 658 ad
2009 619 2315 669 intellegendum

288 681 537 723 librariorum
565 683 698 723 oculos
727 693 751 721 a
778 681 908 731 priore
935 685 975 718 τῦ
1003 681 1054 721 ad
1081 682 1278 730 posterius
1307 681 1493 721 aberrare
1520 682 1706 731 potuisse.
1760 681 1793 720 si
1822 685 1956 722 autem
1991 682 2183 722 eiusmodi
2210 694 2316 723 men-

285 746 379 785 dum
406 746 448 787 in
473 745 585 786 libris
612 756 731 785 mann
763 744 921 794 scriptis
949 744 986 783 h.
1014 744 1038 783 l.
1065 744 1197 783 inesse
1238 755 1472 793 persuasum
1514 744 1722 791 habemus,
1750 744 1847 783 nihil
1875 744 2059 793 impedit,
2097 745 2316 794 quominus,

285 812 332 847 ut
359 818 482 847 sonus
509 807 779 857 genetivorum
808 806 1103 846 cumulatorum
1132 817 1271 855 parum
1297 811 1438 856 gratus
1464 807 1630 852 vitetur,
1657 807 1777 846 etiam
1817 806 1946 855 μεταξύ
1987 808 2316 857 praepositionem

286 871 476 911 excidisse
503 871 580 911 rati
607 870 856 909 scribendum
884 880 1165 918 pmponamus:
1220 864 1344 907 οὐκοῦν
1363 870 1468 908 τοῦτό
1487 885 1523 919 γε
1542 870 1609 915 ἕξιν
1635 874 1695 907 νοῦ
1724 869 1890 918 σημαίνει,
1908 868 1950 907 τὸ
1968 869 2029 917 μὲν
2046 875 2113 908 ’ταῦ
2141 867 2317 919 ἀφελόντι,

286 933 468 984 ἐμβαλόντι
497 931 534 971 δὲ
561 931 602 971 τὸ
629 930 671 970 οὗ
698 929 826 981 μεταξὺ
853 935 915 970 τοῦ
944 936 981 981 χῖ
1004 928 1060 969 καὶ
1088 936 1150 969 τοῦ
1178 935 1217 970 νῦ
1244 929 1319 970 καὶ
1346 931 1525 982 μεταξὺ
1552 936 1627 970 τοῦ
1655 936 1702 970 νῦ
1730 929 1785 970 καὶ
1814 937 1875 971 τοῦ
1903 930 1982 982 ἦτα.

412 1120 511 1167 Δόξα
538 1120 772 1160 vocabulum
800 1123 871 1160 aut
898 1124 932 1160 a·
949 1120 1219 1170 persequendo
1247 1118 1338 1169 (ἢτοι
1366 1125 1407 1170 τῇ
1436 1120 1560 1168 διώξει)
1589 1121 1770 1172 ducitur,
1801 1122 1985 1172 quoniam
2020 1122 2137 1163 homo
2165 1134 2229 1163 res
2258 1123 2318 1163 in-

284 1185 539 1234 vestigandas
568 1184 693 1223 donec
719 1188 852 1222 mente
880 1184 1186 1232 comprehendat
1214 1185 1498 1232 quodammodo
1527 1188 1797 1236 persequitur,
1827 1191 1908 1235 aut,
1949 1187 1989 1226 id
2031 1188 2137 1236 quod
2164 1187 2317 1228 Socrati

285 1247 412 1297 magis
441 1246 582 1297 placet,
611 1246 661 1286 ab
690 1257 806 1286 arcus
834 1245 1012 1287 coniectu
1055 1240 1091 1296 (ἢ
1133 1250 1174 1295 τῇ
1217 1242 1290 1284 ἀπὸ
1332 1251 1394 1285 τοῦ
1420 1247 1521 1293 τόξου
1560 1250 1646 1299 βολῇ
1676 1249 1756 1289 scil.
1787 1248 2063 1298 ἐπωνόμασται).
2119 1251 2316 1290 consimili

284 1311 437 1351 ratione
466 1308 576 1358 οἴησις
604 1314 644 1349 et
671 1308 778 1359 βουλή
807 1309 997 1349 vocabula
1024 1310 1081 1349 ita
1109 1309 1370 1359 explicantur,
1400 1315 1463 1361 ut,
1493 1323 1580 1351 cum
1608 1312 1649 1351 in
1691 1312 1817 1352 altero
1861 1311 1951 1354 οἶσις
1991 1313 2031 1352 in
2073 1313 2199 1353 altero
2234 1313 2319 1363 βολή

284 1375 414 1415 inesse
441 1373 606 1421 dicatur,
634 1372 832 1413 iaculandi
860 1372 1076 1413 similitudo
1105 1376 1368 1423 comparetur.
1425 1373 1609 1424 deinceps
1637 1374 1735 1416 haec
1762 1375 1951 1425 leguntur
1979 1374 2120 1416 verba:
2176 1370 2225 1419 ὥς
2251 1391 2318 1424 περ

285 1436 331 1475 αὖ
358 1435 415 1475 καὶ
441 1433 640 1475 τσὺναντών
667 1437 687 1484 ἦ
716 1432 864 1486 ἀβουλία
891 1432 1017 1485 ἀτυχία
1044 1439 1143 1473 δοκεῖ
1166 1435 1266 1480 εἶναι,
1307 1438 1356 1480 ὠς
1383 1433 1421 1475 m'
1449 1437 1619 1488 βαλόντος
1657 1434 1737 1476 οὐδὲ
1765 1438 1928 1487 τυχόντος
1961 1433 2002 1476 οὗ
2039 1438 2166 1489 ἔβαλλέ
2197 1454 2235 1477 τε
2262 1437 2318 1476 καὶ

285 1496 305 1537 ὃ
332 1500 495 1551 ἐβούλετο
521 1496 576 1537 καὶ
603 1496 682 1548 περὶ
708 1493 750 1536 οὗ
777 1498 979 1550 ἐβουλεύετο
1005 1495 1062 1536 καὶ
1091 1493 1132 1536 οὖ
1160 1499 1286 1548 ἑφιέτυ.
1332 1500 1677 1542 inconsiderantia.
1705 1493 2016 1550 ‹ipiovhhgigitur
2035 1501 2077 1540 in
2104 1513 2171 1541 eos
2199 1502 2315 1546 cadit,

284 1563 352 1613 qui
392 1562 553 1612 perinde
594 1574 618 1601 a
645 1563 849 1611 proposito
891 1560 1080 1601 aberrent
1108 1566 1231 1611 atque
1251 1562 1278 1602 ii
1309 1563 1376 1612 qui
1404 1564 1444 1602 in
1472 1562 1679 1603 iaculando
1706 1567 1853 1603 metam
1881 1575 1960 1604 non
1990 1565 2204 1614 attingant.

412 1626 538 1674 Quam
566 1625 803 1665 sententiam
831 1624 906 1664 etsi
936 1624 1141 1664 Socratem
1170 1625 1243 1664 sub
1273 1625 1405 1665 verbis
1438 1626 1552 1665 modo
1594 1626 1804 1674 adscriptis
1847 1627 2024 1667 subicere
2066 1626 2317 1666 manifestum

286 1693 360 1738 est,
388 1694 520 1730 tamen
549 1689 590 1729 id
618 1687 877 1730 offensionem
906 1687 1031 1735 affert,
1061 1688 1166 1738 quod
1209 1700 1331 1728 unum
1374 1689 1555 1739 idemque
1597 1689 1759 1729 verbum
1800 1689 1940 1741 βάλλειν
1982 1690 2089 1730 intra
2133 1690 2316 1740 exiguum

286 1753 415 1793 brevis
442 1753 634 1793 enuntiati
662 1753 835 1801 spatIum
863 1751 926 1792 bis
954 1753 1168 1801 repetitum
1197 1764 1275 1791 non
1317 1753 1491 1793 eiusdem
1534 1758 1596 1792 est
1637 1752 1954 1803 significationis;
1999 1754 2145 1794 etenim
2187 1754 2317 1803 priore

285 1818 370 1857 loco
398 1839 452 1846 —
479 1812 520 1854 οὐ
545 1815 716 1866 βαλόντος
743 1810 825 1853 οὐδὲ
851 1814 1016 1865 τυχόντος
1034 1837 1087 1843 -
1106 1827 1184 1855 non
1211 1815 1340 1855 iacere
1368 1819 1429 1856 est
1455 1815 1517 1856 vel
1545 1816 1708 1856 iaculari
1737 1816 1807 1856 sed
1834 1816 2069 1865 collinam-e,
2098 1817 2317 1867 posteriore

286 1891 379 1920 vero
409 1880 495 1919 loco
522 1900 576 1907 —
603 1873 644 1916 οὗ
671 1878 793 1929 ἔβαλλε
820 1893 858 1916 τε
885 1875 941 1915 καὶ
970 1873 991 1915 ὃ
1019 1877 1181 1928 ἐβούλετο
1208 1899 1260 1905 -
1289 1878 1386 1917 nihil
1414 1879 1521 1918 aliud
1549 1878 1747 1928 significat
1766 1891 1884 1929 quam
1915 1880 2080 1919 iaculari
2108 1880 2169 1918 vel
2197 1880 2316 1919 ictum

285 1944 502 1985 intendere.
531 1954 630 1993 quas
649 1943 748 1983 duas
767 1943 949 1982 notiones
969 1942 1122 1983 etiamsi
1140 1941 1280 1992 βάλλειν
1298 1942 1417 1982 verbo
1437 1943 1562 1983 subici
1580 1947 1749 1991 constat,
1767 1947 1901 1983 tamen
1917 1943 2028 1983 Plato
2047 1943 2082 1983 si
2100 1943 2319 1993 scripsisset.

285 2003 326 2045 οὐ
353 2006 602 2057 βαλόντος..
631 2000 672 2043 οὗ
699 2005 821 2056 ἔβαλλε
848 2007 874 2045 i.
902 2017 936 2045 e.
964 2016 1060 2044 non
1099 2005 1444 2045 collineantis
1479 2007 1525 2045 id
1563 2006 1692 2055 quod
1729 2007 1833 2046 ictu
1871 2006 2080 2056 petebat
2106 2006 2213 2046 haud
2240 2007 2319 2046 scio

286 2082 338 2111 an
363 2069 567 2121 illepidum
593 2069 777 2119 aenigma
804 2068 952 2119 legenti
980 2069 1268 2109 enucleandum
1296 2068 1435 2108 nolens
1455 2074 1575 2119 atque
1603 2080 1743 2118 parum
1771 2069 1812 2109 in
1833 2073 2013 2119 tempore
2032 2069 2316 2119 proposuisset.

286 2135 399 2173 cuius
426 2133 608 2182 equidem
635 2132 879 2172 difficultatis
906 2133 1168 2172 removendae
1195 2133 1259 2171 vix
1287 2132 1406 2171 aliam
1433 2133 1521 2171 iniri
1556 2144 1673 2181 posse
1714 2134 1906 2172 rationem
1946 2133 2200 2180 crediderim,
2242 2126 2317 2171 nis'i

287 2201 332 2236 ut
350 2195 547 2235 scribatur
564 2195 613 2237 ὡς
629 2192 709 2243 μὲν
726 2193 897 2245 βαλόντος
924 2189 1005 2231 οὐδὲ
1031 2194 1206 2243 τυχόντος,
1234 2189 1275 2231 οὗ
1303 2194 1425 2245 ἔβαλλε
1452 2196 1476 2233 i.
1506 2207 1539 2235 e.
1567 2195 1847 2236 iaculantis
1875 2195 2081 2244 quidem
2110 2195 2196 2234 sed
2224 2206 2317 2234 non

287 2258 612 2300 collineantis
654 2258 700 2297 id
742 2257 871 2308 quod
912 2257 1015 2298 ictu
1055 2257 1279 2307 petebat.
1333 2258 1393 2306 μέν
1434 2258 1670 2307 particulam
1711 2254 1796 2296 οὐδέ
1830 2258 2050 2308 particulae
2079 2257 2318 2307 respondere

286 2323 564 2372 pervulgatum
591 2326 664 2361 est.
718 2321 751 2361 si
790 2321 877 2370 quis
905 2325 1039 2360 autem
1065 2321 1126 2369 μέν
1154 2326 1245 2361 ante
1271 2321 1439 2371 βαλόντος
1467 2323 1635 2371 positum
1677 2320 1867 2367 offendat,
1904 2322 1937 2360 is
1979 2321 2094 2361 velim
2135 2321 2318 2369 inspiciat

288 2386 489 2427 Francisci
518 2385 703 2426 Passowii
732 2384 902 2426 Lexicon
932 2385 1127 2427 Graecum
1156 2395 1186 2426 s,
1215 2396 1248 2426 v.
1276 2384 1338 2433 μέν
1364 2384 1406 2425 Β.
1439 2385 1471 2423 1.
1501 2389 1599 2426 extr.

421 2577 546 2612 Ταῦτα
573 2571 637 2623 ἤδη
662 2588 721 2622 μοι
749 2577 872 2618 δοκεῖς,
901 2570 930 2610 ὦ
959 2571 1156 2622 Σώκρατες,
1183 2572 1390 2622 πυκνότερον
1417 2573 1717 2620 (Stallbaumius
1751 2576 1793 2613 et
1820 2573 2071 2613 Hermannus
2111 2571 2317 2620 πυκνότερα,

288 2638 395 2688 quod
423 2638 545 2678 codex
573 2637 812 2678 Clarkianus
854 2636 995 2684 habet,
1035 2636 1121 2677 iure
1162 2639 1382 2687 meritoque
1422 2637 1700 2683 restituerunt)
1742 2636 1889 2686 ἐπάγειν·
1917 2636 2016 2679 ulos·
2042 2634 2109 2686 γὰρ
2135 2634 2199 2685 ἤδη
2226 2640 2318 2682 θεῷ.

286 2698 435 2751 ἀνάγκην
462 2696 557 2739 δὀὖν
583 2700 632 2740 ἔτι
656 2700 827 2751 βούλομαι
853 2702 1060 2749 διαπερᾶναι
1088 2731 1098 2740 .
1127 2732 1137 2740 .
1163 2697 1220 2739 καὶ
1246 2698 1289 2740 τὸ
1317 2699 1485 2741 ἑκούσιον.
1539 2701 1635 2742 haec
1661 2700 1784 2741 verba
1801 2699 2007 2741 Bekkerus
2027 2698 2314 2750 praeeuntibus

287 2767 328 2804 et
339 2763 536 2814 prioribus
552 2763 768 2803 editoribus
782 2763 982 2814 plerisque
997 2767 1038 2803 et
1051 2763 1186 2803 Ficino
1200 2764 1415 2814 interprete
1428 2764 1551 2804 latino
1570 2769 1711 2804 cuncta
1725 2764 1964 2813 Hermogeni
1979 2762 2132 2803 tribuit.
2158 2763 2317 2817 Ficinus

288 2832 421 2868 autem
441 2839 529 2868 cum
550 2823 699 2877 ἀνάγκην
717 2823 810 2865 δὀὖν
828 2827 875 2866 ἔτι
898 2826 1066 2876 βούλομαι
1086 2830 1291 2875 διαπερᾶναι
1320 2857 1330 2867 .
1356 2858 1366 2867 .
1393 2824 1449 2864 καὶ
1476 2824 1517 2865 τὸ
1545 2826 1702 2865 ἑκούσιον
1729 2825 1849 2867 verba
1866 2826 1916 2867 ab
1936 2825 2197 2875 Hermogenis
2225 2837 2315 2877 per-
