2597 3316
1268 311 1338 375 ΞΗ

278 437 407 482 Plato,
436 438 482 474 ut
499 430 664 481 ἀστραπή
682 433 913 473 vocabulum
933 432 983 471 ab
1003 428 1231 481 civaoaepeipsw
1259 427 1340 470 ὦπα
1367 433 1528 473 ductum
1557 444 1644 472 esse
1671 431 1870 481 probaret,
1898 433 2080 482 neglecta
2107 433 2231 472 forma
2257 444 2305 472 cx

282 498 456 538 Homero
484 496 700 544 notissima,
728 507 846 545 quam
874 506 1008 535 omnes
1036 498 1077 534 et
1103 499 1256 535 veteres
1285 499 1325 535 et
1351 495 1587 535 recentiores
1627 494 1893 534 accusativum
1933 494 2107 535 feminini
2149 496 2305 545 generis

279 561 605 610 interpretantur,
635 558 823 598 inusitate
849 557 1040 598 scriberet
1066 555 1112 595 τὰ
1140 555 1230 597 ὦπα.
1286 569 1386 608 quae
1413 569 1500 598 cum
1527 557 1584 597 ita
1625 557 1714 606 sint,
1741 558 1835 598 licet
1875 558 2050 599 codicum
2091 559 2306 599 auctoritas

279 624 424 670 obstet,
450 621 515 671 τὴν
542 620 624 660 ὦπα
650 634 721 671 pro
748 620 793 658 τὰ
821 618 902 658 ὦπα
929 620 1141 670 legendum
1169 633 1253 660 esse
1281 626 1388 671 puto.

409 686 512 735 Quid
538 690 608 726 aut
634 683 798 726 Procius
826 689 896 724 aut
923 685 1008 725 eius
1037 684 1273 734 epitomator
1301 685 1349 725 de
1377 684 1450 725 hac
1476 696 1519 725 re
1547 684 1841 731 existimaverit,
1871 684 2088 736 ignoratur,
2118 686 2211 736 quia
2237 686 2305 726 illa

279 750 434 790 scholia
461 749 731 789 tantummodo
760 759 886 797 usque
913 748 965 787 ad
992 747 1178 797 paginam
1206 746 1282 785 407
1313 748 1521 798 pertinent.

1212 873 1289 912 411
1316 874 1372 913 A.

408 936 591 978 Socrates
620 935 857 986 Hermogeni
886 935 1048 985 petenti,
1077 939 1132 982 ut,
1161 946 1238 985 qua
1265 936 1415 975 ratione
1435 933 1609 983 φρόνησις,
1629 934 1779 982 σύνεσις,
1805 934 2000 984 δικαιοσύνη
2019 935 2172 986 reliqua
2192 936 2304 977 huius

281 1001 438 1051 generis
456 1001 615 1040 nomina
634 1004 741 1039 recte
768 1000 954 1049 imposita
972 1000 1063 1048 sint,
1086 1000 1263 1048 explicet,
1291 999 1347 1038 ita
1365 999 1598 1047 respondet:
1625 998 1762 1048 ε’γείρεις
1788 998 1859 1047 μὲν,
1888 996 1916 1036 ὧ
1945 999 2071 1047 ἑταῖρε,
2099 996 2139 1037 οὐ
2167 1002 2304 1048 φαῦλον

280 1064 374 1112 γένος
399 1060 589 1111 ὀνομάτων·
618 1058 713 1110 ὅμως
741 1061 776 1099 δὲ
805 1062 990 1110 ἐπειδήπερ
1031 1060 1092 1109 τὴν
1119 1064 1256 1109 λεοντῆν
1284 1062 1453 1106 ἐνδέδυκα,
1495 1057 1555 1098 οὐκ
1583 1058 1852 1108 (ὶποδειλιατών,
1881 1059 1953 1099 ἀλλ’
1984 1063 2206 1100 ἐπισκεπτέον
2231 1066 2304 1102 κτλ.

407 1127 448 1167 Si
478 1126 646 1176 quaeris,
676 1126 770 1175 quid
797 1126 873 1165 sibi
902 1126 996 1165 velit
1023 1126 1093 1165 illa
1120 1125 1232 1175 pellis
1262 1125 1429 1172 leonina,
1472 1123 1766 1173 Stallbaumius,
1810 1126 1923 1174 quasi
1959 1138 2023 1166 res
2051 1130 2159 1166 certa
2186 1127 2237 1166 sit
2264 1130 2304 1167 et

280 1190 497 1240 explorata,
525 1190 622 1229 haec
649 1190 690 1229 in
718 1189 889 1229 medium
918 1188 1089 1239 profert:
1144 1188 1321 1237 „asinum
1362 1193 1527 1228 narrant
1567 1187 1759 1227 leoninam
1803 1188 1982 1228 indutum
2023 1189 2192 1229 voluisse
2232 1201 2304 1239 pro

279 1255 363 1304 ipso
391 1255 506 1294 leone
533 1253 670 1293 haberi
699 1253 865 1303 ideoque
894 1264 1055 1315 asperos
1083 1252 1356 1301 terribilesque
1392 1251 1546 1291 ruditus
1588 1251 1768 1301 edidisse,
1809 1252 1932 1292 donec
1972 1252 2127 1302 aliquis,
2169 1254 2236 1302 qui
2265 1256 2306 1293 et

280 1318 431 1358 leonem
451 1322 491 1358 et
509 1318 662 1357 asinum
691 1318 864 1364 vidisset,
892 1317 1071 1357 fraudem
1099 1317 1301 1366 detegeret
1320 1320 1360 1356 et
1379 1315 1489 1355 ferox
1517 1317 1665 1356 animal
1684 1315 1854 1356 fustibus
1882 1317 2068 1366 abigeret.
2097 1329 2131 1357 v.
2159 1319 2305 1366 Aesopi

280 1381 418 1422 Fabul.
442 1380 527 1421 113.
548 1386 588 1421 et
607 1381 764 1421 Lucian.
793 1381 982 1421 Piscator.
1010 1380 1031 1431 ἕ
1060 1380 1146 1420 52.“
1173 1392 1272 1430 quae
1291 1379 1565 1429 interpretatio
1586 1392 1634 1420 ne
1655 1380 2008 1421 Schaarschmidtio
2037 1380 2193 1430 quidem
2223 1380 2303 1428 (die

281 1445 507 1494 Sammlung
535 1445 605 1484 der
633 1444 910 1484 Platonischen
939 1444 1137 1499 Schriften
1164 1455 1232 1483 zur
1260 1443 1484 1492 Scheidung
1521 1443 1590 1483 der
1617 1444 1755 1483 echten
1796 1455 1872 1482 von
1914 1444 1990 1483 den
2032 1444 2225 1484 unechten
2267 1456 2305 1494 p.

282 1507 377 1554 251)
406 1507 608 1547 offensioni
636 1506 722 1555 fuit,
751 1518 839 1547 cum
867 1507 957 1547 hinc
985 1519 1143 1556 quoque
1185 1510 1459 1556 argumentum
1499 1511 1684 1557 sumeret,
1725 1510 1771 1547 ut
1811 1507 2011 1557 Cratylnm
2052 1508 2252 1558 dialogum
2280 1520 2304 1548 a

279 1572 441 1611 Platone
460 1570 721 1620 conscriptum
743 1582 831 1610 esse
859 1574 1036 1621 negaret.
1090 1582 1136 1610 ac
1155 1569 1329 1619 profecto
1350 1571 1453 1620 quod
1474 1569 1654 1610 Socrates
1682 1582 1768 1610 sese
1787 1581 1875 1610 cum
1895 1571 2006 1610 asino
2026 1571 2129 1620 pelle
2147 1571 2304 1611 leonina

278 1635 430 1681 induto,
459 1635 511 1673 ad
537 1646 654 1684 quem
683 1634 900 1674 docendum
929 1646 1006 1673 non
1034 1634 1164 1673 verbis
1192 1635 1260 1673 sed
1288 1634 1458 1674 fustibus
1486 1645 1581 1682 opus
1610 1645 1697 1673 esse
1726 1646 1839 1673 nemo
1880 1635 2049 1684 ignorat,
2091 1641 2304 1683 comparat,

279 1699 353 1737 hoc
380 1698 511 1737 nescio
541 1709 591 1736 an
619 1698 779 1738 Socrate
808 1697 1010 1737 Platonico
1038 1698 1243 1747 indignum
1272 1703 1312 1737 et
1339 1697 1531 1737 illiberale
1553 1701 1593 1737 et
1612 1697 1717 1745 quod
1735 1697 1878 1746 leporis
1906 1701 1946 1737 et
1973 1698 2189 1738 venustatis
2207 1697 2303 1738 fines

280 1760 442 1801 excedat
469 1760 624 1800 iocandi
652 1771 777 1810 genus
806 1771 893 1800 esse
923 1760 1114 1801 videatur.

404 1824 548 1864 Verum
575 1829 706 1863 tamen
734 1823 914 1863 dubitare
942 1823 1053 1871 licet,
1083 1823 1257 1863 scurrilis
1293 1823 1361 1862 illa
1389 1823 1574 1863 dicacitas
1603 1823 1761 1862 Platoni
1789 1835 1839 1862 an
1883 1824 2168 1872 interpretibus
2210 1824 2303 1864 vitio

278 1887 467 1928 vertenda
493 1887 556 1926 sit.
611 1887 706 1936 quid
734 1887 835 1926 enim
864 1887 1008 1935 obstat,
1037 1887 1242 1936 quominus
1270 1889 1409 1934 λεοντῆν
1428 1898 1506 1925 non
1534 1898 1619 1925 eam
1640 1886 1781 1936 pellem
1801 1886 2009 1936 leoninam,
2029 1898 2147 1936 quam
2169 1888 2304 1927 asinus

276 1950 458 2000 „virtutis
486 1961 638 1999 expers,
667 1950 796 1990 verbis
824 1951 974 1989 iactans
1002 1950 1207 2000 gloria1n“,
1236 1955 1280 1989 ut
1307 1961 1379 1999 pro
1398 1950 1570 1990 auritulo
1598 1950 1750 1989 leonem
1770 1949 1985 1998 simularet,
2012 1950 2205 1998 induerat,
2235 1952 2304 1990 sed

278 2015 525 2056 notissimum
552 2014 651 2054 illud
704 2014 891 2054 Nemeaei
934 2014 1059 2054 leonis
1087 2013 1253 2062 spolium
1282 2013 1572 2063 intellegamus,
1610 2026 1688 2063 quo
1716 2018 1878 2053 ornatus
1906 2014 2094 2054 Hercules
2128 2013 2303 2065 fingeba-

277 2079 370 2119 tur?
425 2079 655 2119 detraxerat
681 2081 814 2118 autem
843 2078 997 2117 Alcides
1025 2076 1169 2127 pellem
1197 2077 1313 2126 leoni,
1342 2081 1387 2117 ut
1409 2077 1481 2117 sibi
1502 2077 1693 2127 pugnanti
1712 2077 1954 2117 munimento
1974 2081 2089 2127 esset,
2111 2083 2155 2117 ut
2173 2078 2302 2127 ipsum

276 2142 506 2182 Theocritus
533 2140 679 2189 25‚178
709 2146 937 2180 narrantem
965 2141 1079 2179 facit:
1884 2157 1887 2160 ·

962 2200 1030 2240 καὶ
1068 2198 1339 2250 ἁμιγεθέμην
1372 2202 1629 2249 μελέεσσιν,

731 2265 859 2315 ἕρκος
893 2261 1119 2303 Ἐνυαλίου
1152 2264 1464 2314 τιιμεσίχροος
1501 2263 1618 2315 ὄφρα
1654 2280 1725 2314 μοι
1763 2264 1839 2314 εἴη.

276 2330 317 2369 in
345 2329 541 2378 proverbii
569 2341 663 2370 vero
692 2329 1017 2369 consuetudinem
1036 2329 1220 2369 Herculis
1239 2329 1379 2378 pellem
1407 2329 1602 2369 leoninam
1621 2330 1788 2378 venisse,
1808 2328 2093 2378 Aristophanes
2122 2334 2302 2379 testatur,

276 2394 347 2442 qui
375 2394 476 2433 Ran.
501 2392 552 2432 45
582 2404 639 2442 sq.
668 2393 833 2433 eundem
862 2393 1089 2442 loquentem
1118 2392 1287 2432 inducit:

722 2452 809 2493 ἀλλ’
851 2452 924 2505 οὐχ
963 2453 1057 2498 οἷός
1092 2451 1119 2492 τ’
1156 2451 1233 2504 εἴμ’
1272 2451 1561 2506 ἀποσοβῆσαι
1596 2452 1672 2492 τὸν
1709 2454 1861 2504 γέλων,

836 2521 943 2567 ὁρῶν
980 2522 1165 2565 λεοντῆν
1198 2516 1268 2555 ἐπὶ
1304 2523 1501 2567 κροκωτῷ
1535 2519 1746 2566 κειμένην.

406 2583 554 2631 Quodsi
582 2583 777 2633 Clavigeri
805 2583 947 2632 pellem
974 2583 1170 2623 leoninam
1198 2582 1235 2622 h.
1265 2582 1290 2621 l.
1318 2580 1530 2632 significari
1559 2581 1780 2630 statuimus,
1802 2581 1982 2622 Socrates
2010 2581 2114 2621 haud
2134 2580 2302 2622 infaceto

277 2657 319 2686 se
348 2656 436 2685 cum
463 2644 635 2686 Hercule
663 2656 893 2696 comparans
921 2645 978 2685 ita
1005 2644 1088 2685 fere
1117 2645 1312 2694 disputat:
1342 2655 1521 2696 magnam
1550 2655 1647 2684 sane
1675 2655 1721 2685 ac
1747 2643 1944 2684 difficilem
1971 2643 2068 2683 mihi
2095 2644 2301 2683 materiam

275 2709 463 2759 proponis
491 2710 811 2759 explicandorum
840 2711 987 2750 scilicet
1015 2709 1180 2757 φρόνησις
1214 2708 1351 2750 σύνεσις
1378 2708 1575 2756 δικαιοσύνη
1603 2713 1643 2747 et
1671 2719 1773 2756 quae
1801 2713 1893 2747 sunt
1931 2708 2086 2757 generis
2128 2708 2300 2747 eiusdem

276 2773 500 2821 nominum;
530 2783 662 2813 verum
689 2777 838 2822 tamen,
881 2772 1065 2822 quoniam
1092 2772 1271 2812 Herculis
1313 2772 1439 2812 instar
1480 2771 1689 2823 ingentem
1734 2772 1774 2812 in
1816 2784 1878 2812 me
1920 2770 2073 2821 suscepi
2113 2770 2301 2820 laborem,

277 2836 389 2877 nulla
417 2847 461 2877 re
488 2847 551 2876 me
580 2835 748 2877 detereri
777 2836 899 2877 decet.
